[{"Category": "Fresh Fruits", "Aisle": "Fruits & Vegetables", "Sku": "20175355001_KG", "Regular Price": "None", "Sale Price": "1.75", "Image": "https://assets.shop.loblaws.ca/products/20175355001/b1/en/front/20175355001_front_a01_@2.png", "Brand": null, "Url": "https://www.maxi.ca/bananas-bunch/p/20175355001_KG", "Sub Category": null, "English Name": "Bananas, Bunch", "Size": "$1.52/1kg $0.69/1lb", "Size Label": "ea"}, {"Category": "Fresh Fruits", "Aisle": "Fruits & Vegetables", "Sku": "20049778001_EA", "Regular Price": "None", "Sale Price": "4.99", "Image": "https://assets.shop.loblaws.ca/products/20049778001/b1/en/front/20049778001_front_a01_@2.png", "Brand": null, "Url": "https://www.maxi.ca/strawberries-1lb/p/20049778001_EA", "Sub Category": null, "English Name": "Strawberries 1LB", "Size": "454 g", "Size Label": "ea"}, {"Category": "Fresh Fruits", "Aisle": "Fruits & Vegetables", "Sku": "20425775001_KG", "Regular Price": "None", "Sale Price": "6.72", "Image": "https://assets.shop.loblaws.ca/products/20425775001/b1/en/front/20425775001_front_a01_@2.png", "Brand": null, "Url": "https://www.maxi.ca/pc-extra-large-green-seedless-grapes/p/20425775001_KG", "Sub Category": null, "English Name": "PC Extra Large Green Seedless Grapes", "Size": "$6.59/1kg $2.99/1lb", "Size Label": "ea"}, {"Category": "Fresh Fruits", "Aisle": "Fruits & Vegetables", "Sku": "20128938001_EA", "Regular Price": "None", "Sale Price": "3.99", "Image": "https://assets.shop.loblaws.ca/products/20128938001/b1/en/front/20128938001_front_a01_@2.png", "Brand": null, "Url": "https://www.maxi.ca/raspberries-1-2-pint/p/20128938001_EA", "Sub Category": null, "English Name": "Raspberries 1/2 pint", "Size": "170 g", "Size Label": "ea"}, {"Category": "Fresh Fruits", "Aisle": "Fruits & Vegetables", "Sku": "20142232001_EA", "Regular Price": "None", "Sale Price": "5.99", "Image": "https://assets.shop.loblaws.ca/products/20142232001/b1/en/front/20142232001_front_a01_@2.png", "Brand": null, "Url": "https://www.maxi.ca/avocados-bag/p/20142232001_EA", "Sub Category": null, "English Name": "Avocados Bag", "Size": "1 bag", "Size Label": "ea"}, {"Category": "Fresh Fruits", "Aisle": "Fruits & Vegetables", "Sku": "20028593001_EA", "Regular Price": "None", "Sale Price": "0.99", "Image": "https://assets.shop.loblaws.ca/products/20028593001/b1/en/front/20028593001_front_a01_@2.png", "Brand": null, "Url": "https://www.maxi.ca/lemon/p/20028593001_EA", "Sub Category": null, "English Name": "Lemon", "Size": "1 ea", "Size Label": "ea"}, {"Category": "Fresh Fruits", "Aisle": "Fruits & Vegetables", "Sku": "20159199001_KG", "Regular Price": "None", "Sale Price": "6.52", "Image": "https://assets.shop.loblaws.ca/products/20159199001/b1/en/front/20159199001_front_a01_@2.png", "Brand": null, "Url": "https://www.maxi.ca/pc-extra-large-red-seedless-grapes/p/20159199001_KG", "Sub Category": null, "English Name": "PC Extra Large Red Seedless Grapes", "Size": "$6.59/1kg $2.99/1lb", "Size Label": "ea"}, {"Category": "Fresh Fruits", "Aisle": "Fruits & Vegetables", "Sku": "20139509001_KG", "Regular Price": "None", "Sale Price": "2.40", "Image": "https://assets.shop.loblaws.ca/products/20139509001/b1/en/front/20139509001_front_a01_@2.png", "Brand": "PC Organics", "Url": "https://www.maxi.ca/organic-bananas-bunch/p/20139509001_KG", "Sub Category": null, "English Name": "Organic Bananas, Bunch", "Size": "$2.18/1kg $0.99/1lb", "Size Label": "ea"}, {"Category": "Fresh Fruits", "Aisle": "Fruits & Vegetables", "Sku": "20167017001_EA", "Regular Price": "None", "Sale Price": "3.99", "Image": "https://assets.shop.loblaws.ca/products/20167017001/b1/en/front/20167017001_front_a01_@2.png", "Brand": null, "Url": "https://www.maxi.ca/cantaloupe/p/20167017001_EA", "Sub Category": null, "English Name": "Cantaloupe", "Size": "1 ea", "Size Label": "ea"}, {"Category": "Fresh Fruits", "Aisle": "Fruits & Vegetables", "Sku": "20067326001_EA", "Regular Price": "None", "Sale Price": "6.99", "Image": "https://assets.shop.loblaws.ca/products/20067326001/b1/en/front/20067326001_front_a01_@2.png", "Brand": null, "Url": "https://www.maxi.ca/red-seedless-watermelon/p/20067326001_EA", "Sub Category": null, "English Name": "Red Seedless Watermelon", "Size": "1 ea", "Size Label": "ea"}, {"Category": "Fresh Fruits", "Aisle": "Fruits & Vegetables", "Sku": "20083526001_KG", "Regular Price": "None", "Sale Price": "1.38", "Image": "https://assets.shop.loblaws.ca/products/20083526001/b1/en/front/20083526001_front_a01_@2.png", "Brand": null, "Url": "https://www.maxi.ca/royal-gala-apples/p/20083526001_KG", "Sub Category": null, "English Name": "Royal Gala Apples", "Size": "$6.59/1kg $2.99/1lb", "Size Label": "ea"}, {"Category": "Fresh Fruits", "Aisle": "Fruits & Vegetables", "Sku": "20080137001_EA", "Regular Price": "None", "Sale Price": "6.99", "Image": "https://assets.shop.loblaws.ca/products/20080137001/b1/en/front/20080137001_front_a01_@2.png", "Brand": null, "Url": "https://www.maxi.ca/blueberries-1-pint/p/20080137001_EA", "Sub Category": null, "English Name": "Blueberries 1 pint", "Size": "340 g", "Size Label": "ea"}, {"Category": "Fresh Fruits", "Aisle": "Fruits & Vegetables", "Sku": "20172240001_KG", "Regular Price": "None", "Sale Price": "1.38", "Image": "https://assets.shop.loblaws.ca/products/20172240001/b1/en/front/20172240001_front_a01_@2.png", "Brand": null, "Url": "https://www.maxi.ca/bartlett-pears/p/20172240001_KG", "Sub Category": null, "English Name": "Bartlett Pears", "Size": "$6.59/1kg $2.99/1lb", "Size Label": "ea"}, {"Category": "Fresh Fruits", "Aisle": "Fruits & Vegetables", "Sku": "20426078001_KG", "Regular Price": "None", "Sale Price": "2.31", "Image": "https://assets.shop.loblaws.ca/products/20426078001/b1/en/front/20426078001_front_a01_@2.png", "Brand": null, "Url": "https://www.maxi.ca/navel-orange/p/20426078001_KG", "Sub Category": null, "English Name": "Navel Orange", "Size": "$6.59/1kg $2.99/1lb", "Size Label": "ea"}, {"Category": "Fresh Fruits", "Aisle": "Fruits & Vegetables", "Sku": "21097012001_EA", "Regular Price": "1.49", "Sale Price": "0.95", "Image": "https://assets.shop.loblaws.ca/products/21097012001/b1/en/front/21097012001_front_a01_@2.png", "Brand": null, "Url": "https://www.maxi.ca/avocado/p/21097012001_EA", "Sub Category": null, "English Name": "Avocado", "Size": "1 ea", "Size Label": "ea"}, {"Category": "Fresh Fruits", "Aisle": "Fruits & Vegetables", "Sku": "20051015001_EA", "Regular Price": "None", "Sale Price": "2.49", "Image": "https://assets.shop.loblaws.ca/products/20051015001/b1/en/front/20051015001_front_a01_@2.png", "Brand": null, "Url": "https://www.maxi.ca/blackberries-1-2-pint/p/20051015001_EA", "Sub Category": null, "English Name": "Blackberries 1/2 Pint", "Size": "170 g", "Size Label": "ea"}, {"Category": "Fresh Fruits", "Aisle": "Fruits & Vegetables", "Sku": "20162945001_EA", "Regular Price": "None", "Sale Price": "4.99", "Image": "https://assets.shop.loblaws.ca/products/20162945001/b1/en/front/20162945001_front_a01_@2.png", "Brand": "Farmer's Market", "Url": "https://www.maxi.ca/navel-oranges/p/20162945001_EA", "Sub Category": null, "English Name": "Navel Oranges", "Size": "3 lb bag", "Size Label": "ea"}, {"Category": "Fresh Fruits", "Aisle": "Fruits & Vegetables", "Sku": "20059635001_EA", "Regular Price": "None", "Sale Price": "1.49", "Image": "https://assets.shop.loblaws.ca/products/20059635001/b1/en/front/20059635001_front_a01_@2.png", "Brand": null, "Url": "https://www.maxi.ca/mango/p/20059635001_EA", "Sub Category": null, "English Name": "Mango", "Size": "1 ea", "Size Label": "ea"}, {"Category": "Fresh Fruits", "Aisle": "Fruits & Vegetables", "Sku": "20160992001_EA", "Regular Price": "None", "Sale Price": "2.99", "Image": "https://assets.shop.loblaws.ca/products/20160992001/b1/en/front/20160992001_front_a01_@2.png", "Brand": null, "Url": "https://www.maxi.ca/pineapple/p/20160992001_EA", "Sub Category": null, "English Name": "Pineapple", "Size": "1 ea", "Size Label": "ea"}, {"Category": "Fresh Fruits", "Aisle": "Fruits & Vegetables", "Sku": "20132621001_KG", "Regular Price": "None", "Sale Price": "2.11", "Image": "https://assets.shop.loblaws.ca/products/20132621001/b1/en/front/20132621001_front_a01_@2.png", "Brand": null, "Url": "https://www.maxi.ca/honeycrisp-apples/p/20132621001_KG", "Sub Category": null, "English Name": "Honeycrisp Apples", "Size": "$3.99/1lb $8.80/1kg", "Size Label": "ea"}, {"Category": "Fresh Fruits", "Aisle": "Fruits & Vegetables", "Sku": "20253488001_KG", "Regular Price": "None", "Sale Price": "1.32", "Image": "https://assets.shop.loblaws.ca/products/20253488001/b1/en/front/20253488001_front_a01_@2.png", "Brand": null, "Url": "https://www.maxi.ca/granny-smith-apples/p/20253488001_KG", "Sub Category": null, "English Name": "Granny Smith Apples", "Size": "$6.59/1kg $2.99/1lb", "Size Label": "ea"}, {"Category": "Fresh Fruits", "Aisle": "Fruits & Vegetables", "Sku": "20130242001_EA", "Regular Price": "None", "Sale Price": "0.99", "Image": "https://assets.shop.loblaws.ca/products/20130242001/b1/en/front/20130242001_front_a01_@2.png", "Brand": null, "Url": "https://www.maxi.ca/kiwis/p/20130242001_EA", "Sub Category": null, "English Name": "Kiwis", "Size": "1 ea", "Size Label": "ea"}, {"Category": "Fresh Fruits", "Aisle": "Fruits & Vegetables", "Sku": "20767998001_EA", "Regular Price": "None", "Sale Price": "8.99", "Image": "https://assets.shop.loblaws.ca/products/20767998001/b1/en/front/20767998001_front_a01_@2.png", "Brand": "Farmer's Market", "Url": "https://www.maxi.ca/gala-apples/p/20767998001_EA", "Sub Category": null, "English Name": "Gala Apples", "Size": "4 lb bag", "Size Label": "ea"}, {"Category": "Fresh Fruits", "Aisle": "Fruits & Vegetables", "Sku": "20054025001_EA", "Regular Price": "None", "Sale Price": "5.99", "Image": "https://assets.shop.loblaws.ca/products/20054025001/b1/en/front/20054025001_front_a01_@2.png", "Brand": "Farmer's Market", "Url": "https://www.maxi.ca/mandarin/p/20054025001_EA", "Sub Category": null, "English Name": "Mandarin", "Size": "4 lb", "Size Label": "ea"}, {"Category": "Fresh Fruits", "Aisle": "Fruits & Vegetables", "Sku": "20795315001_EA", "Regular Price": "None", "Sale Price": "3.99", "Image": "https://assets.shop.loblaws.ca/products/20795315001/b1/en/front/20795315001_front_a01_@2.png", "Brand": "Farmer's Market", "Url": "https://www.maxi.ca/lemons/p/20795315001_EA", "Sub Category": null, "English Name": "Lemons", "Size": "2 lb bag", "Size Label": "ea"}, {"Category": "Fresh Fruits", "Aisle": "Fruits & Vegetables", "Sku": "20034947001_EA", "Regular Price": "None", "Sale Price": "8.99", "Image": "https://assets.shop.loblaws.ca/products/20034947001/b1/en/front/20034947001_front_a01_@2.png", "Brand": null, "Url": "https://www.maxi.ca/raspberry-pint/p/20034947001_EA", "Sub Category": null, "English Name": "Raspberry Pint ", "Size": "340 g", "Size Label": "ea"}, {"Category": "Fresh Fruits", "Aisle": "Fruits & Vegetables", "Sku": "20917963001_EA", "Regular Price": "None", "Sale Price": "5.00", "Image": "https://assets.shop.loblaws.ca/products/20917963001/b1/en/front/20917963001_front_a01_@2.png", "Brand": null, "Url": "https://www.maxi.ca/blue-grapes/p/20917963001_EA", "Sub Category": null, "English Name": "Blue Grapes", "Size": "2 l", "Size Label": "ea"}, {"Category": "Fresh Fruits", "Aisle": "Fruits & Vegetables", "Sku": "20972254001_EA", "Regular Price": "4.50", "Sale Price": "3.88", "Image": "https://assets.shop.loblaws.ca/products/20972254001/b1/en/front/20972254001_front_a01_@2.png", "Brand": null, "Url": "https://www.maxi.ca/strawberries/p/20972254001_EA", "Sub Category": null, "English Name": "Strawberries", "Size": "420 g", "Size Label": "ea"}, {"Category": "Fresh Fruits", "Aisle": "Fruits & Vegetables", "Sku": "20316478001_KG", "Regular Price": "None", "Sale Price": "0.88", "Image": "https://assets.shop.loblaws.ca/products/20316478001/b1/en/front/20316478001_front_a01_@2.png", "Brand": null, "Url": "https://www.maxi.ca/plums-black-or-red/p/20316478001_KG", "Sub Category": null, "English Name": "Plums, Black or Red", "Size": "$3.99/1lb $8.80/1kg", "Size Label": "ea"}, {"Category": "Fresh Fruits", "Aisle": "Fruits & Vegetables", "Sku": "20138228001_EA", "Regular Price": "None", "Sale Price": "7.99", "Image": "https://assets.shop.loblaws.ca/products/20138228001/b1/en/front/20138228001_front_a01_@2.png", "Brand": null, "Url": "https://www.maxi.ca/blackberries-1-pint/p/20138228001_EA", "Sub Category": null, "English Name": "Blackberries 1 pint", "Size": "340 g", "Size Label": "ea"}, {"Category": "Fresh Fruits", "Aisle": "Fruits & Vegetables", "Sku": "20093376001_KG", "Regular Price": "None", "Sale Price": "1.38", "Image": "https://assets.shop.loblaws.ca/products/20093376001/b1/en/front/20093376001_front_a01_@2.png", "Brand": null, "Url": "https://www.maxi.ca/pink-lady-apples/p/20093376001_KG", "Sub Category": null, "English Name": "Pink Lady Apples", "Size": "$6.59/1kg $2.99/1lb", "Size Label": "ea"}, {"Category": "Fresh Fruits", "Aisle": "Fruits & Vegetables", "Sku": "20313872001_EA", "Regular Price": "None", "Sale Price": "5.99", "Image": "https://assets.shop.loblaws.ca/products/20313872001/b1/en/front/20313872001_front_a01_@2.png", "Brand": null, "Url": "https://www.maxi.ca/organic-strawberries-1-lb/p/20313872001_EA", "Sub Category": null, "English Name": "Organic Strawberries 1 LB", "Size": "454 g", "Size Label": "ea"}, {"Category": "Fresh Fruits", "Aisle": "Fruits & Vegetables", "Sku": "20056190001_EA", "Regular Price": "None", "Sale Price": "5.49", "Image": "https://assets.shop.loblaws.ca/products/20056190001/b1/en/front/20056190001_front_a01_@2.png", "Brand": null, "Url": "https://www.maxi.ca/organic-raspberries-1-2-pint/p/20056190001_EA", "Sub Category": null, "English Name": "Organic Raspberries 1/2 pint", "Size": "170 g", "Size Label": "ea"}, {"Category": "Fresh Fruits", "Aisle": "Fruits & Vegetables", "Sku": "21086003001_EA", "Regular Price": "None", "Sale Price": "8.00", "Image": "https://assets.shop.loblaws.ca/products/21086003001/b1/en/front/21086003001_front_a01_@2.png", "Brand": "No Name", "Url": "https://www.maxi.ca/naturally-imperfect-avocados/p/21086003001_EA", "Sub Category": null, "English Name": "Naturally Imperfect Avocados", "Size": "3 lb bag", "Size Label": "ea"}, {"Category": "Fresh Fruits", "Aisle": "Fruits & Vegetables", "Sku": "20152465001_EA", "Regular Price": "None", "Sale Price": "4.99", "Image": "https://assets.shop.loblaws.ca/products/20152465001/b1/en/front/20152465001_front_a01_@2.png", "Brand": null, "Url": "https://www.maxi.ca/blueberries-1-2-pint/p/20152465001_EA", "Sub Category": null, "English Name": "Blueberries 1/2 pint", "Size": "170 g", "Size Label": "ea"}, {"Category": "Fresh Fruits", "Aisle": "Fruits & Vegetables", "Sku": "21312582001_EA", "Regular Price": "None", "Sale Price": "7.99", "Image": "https://assets.loblaws.ca/pcx_bronx_fe_assets/images/common/coming-soon-en-web.png", "Brand": "PC Organics", "Url": "https://www.maxi.ca/plum/p/21312582001_EA", "Sub Category": null, "English Name": "Plum ", "Size": "907 g", "Size Label": "ea"}, {"Category": "Fresh Fruits", "Aisle": "Fruits & Vegetables", "Sku": "21023094001_KG", "Regular Price": "None", "Sale Price": "9.60", "Image": "https://assets.shop.loblaws.ca/products/21023094001/b1/en/front/21023094001_front_a01_@2.png", "Brand": null, "Url": "https://www.maxi.ca/santa-claus-melons/p/21023094001_KG", "Sub Category": null, "English Name": "Santa Claus Melons", "Size": "$5.05/1kg $2.29/1lb", "Size Label": "ea"}, {"Category": "Fresh Fruits", "Aisle": "Fruits & Vegetables", "Sku": "21101943001_EA", "Regular Price": "None", "Sale Price": "8.00", "Image": "https://assets.shop.loblaws.ca/products/21101943001/b1/en/front/21101943001_front_a01_@2.png", "Brand": "President's Choice", "Url": "https://www.maxi.ca/autumn-crisp-green-grapes/p/21101943001_EA", "Sub Category": null, "English Name": "Autumn Crisp Green Grapes", "Size": "907 g", "Size Label": "ea"}, {"Category": "Fresh Fruits", "Aisle": "Fruits & Vegetables", "Sku": "20081390001_EA", "Regular Price": "None", "Sale Price": "4.88", "Image": "https://assets.shop.loblaws.ca/products/20081390001/b1/en/front/20081390001_front_a01_@2.png", "Brand": "Sunkist", "Url": "https://www.maxi.ca/red-pummelos/p/20081390001_EA", "Sub Category": null, "English Name": "Red Pummelos", "Size": "1 ea", "Size Label": "ea"}, {"Category": "Fresh Fruits", "Aisle": "Fruits & Vegetables", "Sku": "20146331001_EA", "Regular Price": "None", "Sale Price": "7.00", "Image": "https://assets.shop.loblaws.ca/products/20146331001/b1/en/front/20146331001_front_a01_@2.png", "Brand": "PC Organics", "Url": "https://www.maxi.ca/organic-lemons/p/20146331001_EA", "Sub Category": null, "English Name": "Organic Lemons", "Size": "2 lb bag", "Size Label": "ea"}, {"Category": "Fresh Fruits", "Aisle": "Fruits & Vegetables", "Sku": "21124368001_EA", "Regular Price": "None", "Sale Price": "6.00", "Image": "https://assets.shop.loblaws.ca/products/21124368001/b1/en/front/21124368001_front_a01_@2.png", "Brand": "No Name", "Url": "https://www.maxi.ca/naturally-imperfect-limes/p/21124368001_EA", "Sub Category": null, "English Name": "Naturally Imperfect Limes", "Size": "907 g", "Size Label": "ea"}, {"Category": "Fresh Fruits", "Aisle": "Fruits & Vegetables", "Sku": "20121509001_EA", "Regular Price": "None", "Sale Price": "1.99", "Image": "https://assets.shop.loblaws.ca/products/20121509001/b1/en/front/20121509001_front_a01_@2.png", "Brand": null, "Url": "https://www.maxi.ca/ataulfo-mango/p/20121509001_EA", "Sub Category": null, "English Name": "Ataulfo Mango", "Size": "1 ea", "Size Label": "ea"}, {"Category": "Fresh Fruits", "Aisle": "Fruits & Vegetables", "Sku": "20073899001_KG", "Regular Price": "None", "Sale Price": "1.38", "Image": "https://assets.shop.loblaws.ca/products/20073899001/b1/en/front/20073899001_front_a01_@2.png", "Brand": null, "Url": "https://www.maxi.ca/red-delicious-apples/p/20073899001_KG", "Sub Category": null, "English Name": "Red Delicious Apples", "Size": "$6.59/1kg $2.99/1lb", "Size Label": "ea"}, {"Category": "Fresh Fruits", "Aisle": "Fruits & Vegetables", "Sku": "20100756001_KG", "Regular Price": "None", "Sale Price": "1.69", "Image": "https://assets.shop.loblaws.ca/products/20100756001/b1/en/front/20100756001_front_a01_@2.png", "Brand": "PC Organics", "Url": "https://www.maxi.ca/gala-apples/p/20100756001_KG", "Sub Category": null, "English Name": "Gala Apples", "Size": "$7.69/1kg $3.49/1lb", "Size Label": "ea"}, {"Category": "Fresh Fruits", "Aisle": "Fruits & Vegetables", "Sku": "20867080_C01", "Regular Price": "None", "Sale Price": "18.88", "Image": "https://assets.shop.loblaws.ca/products/20867080/b1/en/front/20867080_front_a01_@2.png", "Brand": null, "Url": "https://www.maxi.ca/brown-pears-gift-box-case/p/20867080_C01", "Sub Category": null, "English Name": "Brown Pears Gift Box (Case)", "Size": "5 kg", "Size Label": "ea"}, {"Category": "Fresh Fruits", "Aisle": "Fruits & Vegetables", "Sku": "21189344001_EA", "Regular Price": "None", "Sale Price": "5.99", "Image": "https://assets.shop.loblaws.ca/products/21189344001/b1/en/front/21189344001_front_a01_@2.png", "Brand": null, "Url": "https://www.maxi.ca/pears-rocha/p/21189344001_EA", "Sub Category": null, "English Name": "Pears, Rocha", "Size": "1.134 kg", "Size Label": "ea"}, {"Category": "Fresh Fruits", "Aisle": "Fruits & Vegetables", "Sku": "20061097001_KG", "Regular Price": "None", "Sale Price": "1.54", "Image": "https://assets.shop.loblaws.ca/products/20061097001/b1/en/front/20061097001_front_a01_@2.png", "Brand": "PC Organics", "Url": "https://www.maxi.ca/organic-bartlett-pears/p/20061097001_KG", "Sub Category": null, "English Name": "Organic Bartlett Pears", "Size": "$7.69/1kg $3.49/1lb", "Size Label": "ea"}, {"Category": "Fresh Fruits", "Aisle": "Fruits & Vegetables", "Sku": "20123699001_KG", "Regular Price": "None", "Sale Price": "0.66", "Image": "https://assets.shop.loblaws.ca/products/20123699001/b1/en/front/20123699001_front_a01_@2.png", "Brand": null, "Url": "https://www.maxi.ca/apples-assorted-local/p/20123699001_KG", "Sub Category": null, "English Name": "Apples, Assorted Local", "Size": "$1.49/1lb $3.28/1kg", "Size Label": "ea"}, {"Category": "Fresh Fruits", "Aisle": "Fruits & Vegetables", "Sku": "20123699001_KG", "Regular Price": "None", "Sale Price": "0.66", "Image": "https://assets.shop.loblaws.ca/products/20123699001/b1/en/front/20123699001_front_a01_@2.png", "Brand": null, "Url": "https://www.maxi.ca/apples-assorted-local/p/20123699001_KG", "Sub Category": null, "English Name": "Apples, Assorted Local", "Size": "$1.49/1lb $3.28/1kg", "Size Label": "ea"}, {"Category": "Fresh Fruits", "Aisle": "Fruits & Vegetables", "Sku": "21208233001_EA", "Regular Price": "None", "Sale Price": "13.99", "Image": "https://assets.shop.loblaws.ca/products/21208233001/b1/en/front/21208233001_front_a01_@2.png", "Brand": null, "Url": "https://www.maxi.ca/avocado-case/p/21208233001_EA", "Sub Category": null, "English Name": "Avocado Case", "Size": "2 kg", "Size Label": "ea"}, {"Category": "Fresh Fruits", "Aisle": "Fruits & Vegetables", "Sku": "20435942001_EA", "Regular Price": "None", "Sale Price": "5.00", "Image": "https://assets.shop.loblaws.ca/products/20435942001/b1/en/front/20435942001_front_a01_@2.png", "Brand": "PC Organics", "Url": "https://www.maxi.ca/organic-lime/p/20435942001_EA", "Sub Category": null, "English Name": "Organic Lime", "Size": "1 lb bag", "Size Label": "ea"}, {"Category": "Fresh Fruits", "Aisle": "Fruits & Vegetables", "Sku": "20430790001_KG", "Regular Price": "None", "Sale Price": "1.45", "Image": "https://assets.shop.loblaws.ca/products/20430790001/b1/en/front/20430790001_front_a01_@2.png", "Brand": null, "Url": "https://www.maxi.ca/golden-delicious-apples/p/20430790001_KG", "Sub Category": null, "English Name": "Golden Delicious Apples", "Size": "$6.59/1kg $2.99/1lb", "Size Label": "ea"}, {"Category": "Fresh Fruits", "Aisle": "Fruits & Vegetables", "Sku": "20166580001_EA", "Regular Price": "None", "Sale Price": "1.49", "Image": "https://assets.shop.loblaws.ca/products/20166580001/b1/en/front/20166580001_front_a01_@2.png", "Brand": null, "Url": "https://www.maxi.ca/red-grapefruit/p/20166580001_EA", "Sub Category": null, "English Name": "Red Grapefruit", "Size": "1 ea", "Size Label": "ea"}, {"Category": "Fresh Fruits", "Aisle": "Fruits & Vegetables", "Sku": "20972628001_EA", "Regular Price": "None", "Sale Price": "6.50", "Image": "https://assets.shop.loblaws.ca/products/20972628001/b1/en/front/20972628001_front_a01_@2.png", "Brand": null, "Url": "https://www.maxi.ca/organic-orange/p/20972628001_EA", "Sub Category": null, "English Name": "Organic Orange", "Size": "907 g", "Size Label": "ea"}, {"Category": "Fresh Fruits", "Aisle": "Fruits & Vegetables", "Sku": "20038235001_EA", "Regular Price": "None", "Sale Price": "5.99", "Image": "https://assets.shop.loblaws.ca/products/20038235001/b1/en/front/20038235001_front_a01_@2.png", "Brand": null, "Url": "https://www.maxi.ca/black-mission-figs/p/20038235001_EA", "Sub Category": null, "English Name": "Black Mission Figs", "Size": "227 g", "Size Label": "ea"}, {"Category": "Fresh Fruits", "Aisle": "Fruits & Vegetables", "Sku": "20713921001_EA", "Regular Price": "None", "Sale Price": "7.99", "Image": "https://assets.shop.loblaws.ca/products/20713921001/b1/en/front/20713921001_front_a01_@2.png", "Brand": "Farmer's Market", "Url": "https://www.maxi.ca/golden-delicious-apples/p/20713921001_EA", "Sub Category": null, "English Name": "Golden Delicious Apples", "Size": "4 lb bag", "Size Label": "ea"}, {"Category": "Fresh Fruits", "Aisle": "Fruits & Vegetables", "Sku": "20119760001_EA", "Regular Price": "None", "Sale Price": "3.99", "Image": "https://assets.shop.loblaws.ca/products/20119760001/b1/en/front/20119760001_front_a01_@2.png", "Brand": null, "Url": "https://www.maxi.ca/caribbean-avocado/p/20119760001_EA", "Sub Category": null, "English Name": "Caribbean Avocado", "Size": "1 ea", "Size Label": "ea"}, {"Category": "Fresh Fruits", "Aisle": "Fruits & Vegetables", "Sku": "20035618001_KG", "Regular Price": "None", "Sale Price": "2.11", "Image": "https://assets.shop.loblaws.ca/products/20035618001/b1/en/front/20035618001_front_a01_@2.png", "Brand": null, "Url": "https://www.maxi.ca/yellow-asian-pears/p/20035618001_KG", "Sub Category": null, "English Name": "Yellow Asian Pears", "Size": "$6.59/1kg $2.99/1lb", "Size Label": "ea"}, {"Category": "Fresh Fruits", "Aisle": "Fruits & Vegetables", "Sku": "20711275001_KG", "Regular Price": "None", "Sale Price": "15.07", "Image": "https://assets.shop.loblaws.ca/products/20711275001/b1/en/front/20711275001_front_a01_@2.png", "Brand": "President's Choice", "Url": "https://www.maxi.ca/black-seedless-grapes/p/20711275001_KG", "Sub Category": null, "English Name": "Black Seedless Grapes", "Size": "$11.00/1kg $4.99/1lb", "Size Label": "ea"}, {"Category": "Fresh Fruits", "Aisle": "Fruits & Vegetables", "Sku": "20697748001_EA", "Regular Price": "None", "Sale Price": "6.99", "Image": "https://assets.shop.loblaws.ca/products/20697748001/b1/en/front/20697748001_front_a01_@2.png", "Brand": "President's Choice", "Url": "https://www.maxi.ca/navel-oranges-cara-cara/p/20697748001_EA", "Sub Category": null, "English Name": "Navel Oranges Cara Cara", "Size": "3 lb bag", "Size Label": "ea"}, {"Category": "Fresh Fruits", "Aisle": "Fruits & Vegetables", "Sku": "20911284001_EA", "Regular Price": "None", "Sale Price": "7.00", "Image": "https://assets.shop.loblaws.ca/products/20911284001/b1/en/front/20911284001_front_a01_@2.png", "Brand": "Farmer's Market", "Url": "https://www.maxi.ca/blue-plums/p/20911284001_EA", "Sub Category": null, "English Name": "Blue Plums", "Size": "1.5 l", "Size Label": "ea"}, {"Category": "Fresh Fruits", "Aisle": "Fruits & Vegetables", "Sku": "21124487001_EA", "Regular Price": "None", "Sale Price": "6.00", "Image": "https://assets.shop.loblaws.ca/products/21124487001/b1/en/front/21124487001_front_a01_@2.png", "Brand": "No Name", "Url": "https://www.maxi.ca/naturally-imperfect-lemons-3lb-bag/p/21124487001_EA", "Sub Category": null, "English Name": "Naturally Imperfect Lemons 3lb Bag", "Size": "1.36 kg", "Size Label": "ea"}, {"Category": "Fresh Fruits", "Aisle": "Fruits & Vegetables", "Sku": "20118409001_EA", "Regular Price": "None", "Sale Price": "6.00", "Image": "https://assets.shop.loblaws.ca/products/20118409001/b1/en/front/20118409001_front_a01_@2.png", "Brand": "Farmer's Market", "Url": "https://www.maxi.ca/red-grapefruit/p/20118409001_EA", "Sub Category": null, "English Name": "Red Grapefruit", "Size": "3 lb bag", "Size Label": "ea"}, {"Category": "Fresh Fruits", "Aisle": "Fruits & Vegetables", "Sku": "20725795001_EA", "Regular Price": "None", "Sale Price": "9.99", "Image": "https://assets.shop.loblaws.ca/products/20725795001/b1/en/front/20725795001_front_a01_@2.png", "Brand": "PC Organics", "Url": "https://www.maxi.ca/granny-smith-apples-3lb-bag/p/20725795001_EA", "Sub Category": null, "English Name": "Granny Smith Apples 3Lb Bag", "Size": "3 lb bag", "Size Label": "ea"}, {"Category": "Fresh Fruits", "Aisle": "Fruits & Vegetables", "Sku": "20594316001_EA", "Regular Price": "None", "Sale Price": "7.00", "Image": "https://assets.shop.loblaws.ca/products/20594316001/b1/en/front/20594316001_front_a01_@2.png", "Brand": null, "Url": "https://www.maxi.ca/plums/p/20594316001_EA", "Sub Category": null, "English Name": "Plums", "Size": "907 g", "Size Label": "ea"}, {"Category": "Fresh Fruits", "Aisle": "Fruits & Vegetables", "Sku": "21351670001_EA", "Regular Price": "None", "Sale Price": "4.99", "Image": "https://assets.shop.loblaws.ca/products/21351670001/b1/en/front/21351670001_front_a01_@2.png", "Brand": null, "Url": "https://www.maxi.ca/organic-kiwi/p/21351670001_EA", "Sub Category": null, "English Name": "Organic Kiwi", "Size": "454 g", "Size Label": "ea"}, {"Category": "Fresh Fruits", "Aisle": "Fruits & Vegetables", "Sku": "20812580001_EA", "Regular Price": "None", "Sale Price": "2.49", "Image": "https://assets.shop.loblaws.ca/products/20812580001/b1/en/front/20812580001_front_a01_@2.png", "Brand": null, "Url": "https://www.maxi.ca/maya-mango/p/20812580001_EA", "Sub Category": null, "English Name": "Maya Mango", "Size": "1 ea", "Size Label": "ea"}, {"Category": "Fresh Fruits", "Aisle": "Fruits & Vegetables", "Sku": "20845869_EA", "Regular Price": "None", "Sale Price": "4.99", "Image": "https://assets.shop.loblaws.ca/products/20845869/b1/en/front/20845869_front_a01_@2.png", "Brand": null, "Url": "https://www.maxi.ca/physalis-gooseberries/p/20845869_EA", "Sub Category": null, "English Name": "Physalis (Gooseberries)", "Size": "200 g", "Size Label": "ea"}, {"Category": "Fresh Fruits", "Aisle": "Fruits & Vegetables", "Sku": "20817066001_KG", "Regular Price": "None", "Sale Price": "5.71", "Image": "https://assets.shop.loblaws.ca/products/20817066001/b1/en/front/20817066001_front_a01_@2.png", "Brand": null, "Url": "https://www.maxi.ca/papaya/p/20817066001_KG", "Sub Category": null, "English Name": "Papaya", "Size": "$4.39/1kg $1.99/1lb", "Size Label": "ea"}, {"Category": "Fresh Fruits", "Aisle": "Fruits & Vegetables", "Sku": "20868985001_EA", "Regular Price": "None", "Sale Price": "7.00", "Image": "https://assets.shop.loblaws.ca/products/20868985001/b1/en/front/20868985001_front_a01_@2.png", "Brand": "No Name", "Url": "https://www.maxi.ca/imperfect-apples/p/20868985001_EA", "Sub Category": null, "English Name": "Imperfect Apples", "Size": "6 lb", "Size Label": "ea"}, {"Category": "Fresh Fruits", "Aisle": "Fruits & Vegetables", "Sku": "20311564001_KG", "Regular Price": "None", "Sale Price": "1.76", "Image": "https://assets.shop.loblaws.ca/products/20311564001/b1/en/front/20311564001_front_a01_@2.png", "Brand": null, "Url": "https://www.maxi.ca/yellow-peaches/p/20311564001_KG", "Sub Category": null, "English Name": "Yellow Peaches", "Size": "$3.99/1lb $8.80/1kg", "Size Label": "ea"}, {"Category": "Fresh Fruits", "Aisle": "Fruits & Vegetables", "Sku": "20186535001_KG", "Regular Price": "None", "Sale Price": "1.67", "Image": "https://assets.shop.loblaws.ca/products/20186535001/b1/en/front/20186535001_front_a01_@2.png", "Brand": "PC Organics", "Url": "https://www.maxi.ca/organic-granny-smith-apples/p/20186535001_KG", "Sub Category": null, "English Name": "Organic Granny Smith Apples", "Size": "$3.99/1lb $8.80/1kg", "Size Label": "ea"}, {"Category": "Fresh Fruits", "Aisle": "Fruits & Vegetables", "Sku": "20168395001_EA", "Regular Price": "3.49", "Sale Price": "2.99", "Image": "https://assets.shop.loblaws.ca/products/20168395001/b1/en/front/20168395001_front_a01_@2.png", "Brand": null, "Url": "https://www.maxi.ca/dragon-fruit/p/20168395001_EA", "Sub Category": null, "English Name": "Dragon Fruit", "Size": "1 ea", "Size Label": "ea"}, {"Category": "Fresh Fruits", "Aisle": "Fruits & Vegetables", "Sku": "20162500001_KG", "Regular Price": "None", "Sale Price": "5.50", "Image": "https://assets.shop.loblaws.ca/products/20162500001/b1/en/front/20162500001_front_a01_@2.png", "Brand": null, "Url": "https://www.maxi.ca/guava/p/20162500001_KG", "Sub Category": null, "English Name": "Guava", "Size": "$11.00/1kg $4.99/1lb", "Size Label": "ea"}, {"Category": "Fresh Fruits", "Aisle": "Fruits & Vegetables", "Sku": "20048357001_EA", "Regular Price": "None", "Sale Price": "1.29", "Image": "https://assets.shop.loblaws.ca/products/20048357001/b1/en/front/20048357001_front_a01_@2.png", "Brand": null, "Url": "https://www.maxi.ca/prickly-pears/p/20048357001_EA", "Sub Category": null, "English Name": "Prickly Pears", "Size": "1 ea", "Size Label": "ea"}, {"Category": "Fresh Fruits", "Aisle": "Fruits & Vegetables", "Sku": "21179969001_EA", "Regular Price": "None", "Sale Price": "5.99", "Image": "https://assets.shop.loblaws.ca/products/21179969001/b1/en/front/21179969001_front_a01_@2.png", "Brand": "PC Organics", "Url": "https://www.maxi.ca/blueberries/p/21179969001_EA", "Sub Category": null, "English Name": "Blueberries", "Size": "277 g", "Size Label": "ea"}, {"Category": "Fresh Fruits", "Aisle": "Fruits & Vegetables", "Sku": "20255215001_EA", "Regular Price": "None", "Sale Price": "7.99", "Image": "https://assets.shop.loblaws.ca/products/20255215001/b1/en/front/20255215001_front_a01_@2.png", "Brand": "Farmer's Market", "Url": "https://www.maxi.ca/paula-red-apples/p/20255215001_EA", "Sub Category": null, "English Name": "Paula Red Apples", "Size": "4 lb bag", "Size Label": "ea"}, {"Category": "Fresh Fruits", "Aisle": "Fruits & Vegetables", "Sku": "20868141001_KG", "Regular Price": "None", "Sale Price": "4.65", "Image": "https://assets.shop.loblaws.ca/products/20868141001/b1/en/front/20868141001_front_a01_@2.png", "Brand": null, "Url": "https://www.maxi.ca/soursop/p/20868141001_KG", "Sub Category": null, "English Name": "Soursop", "Size": "$4.49/1lb $9.90/1kg", "Size Label": "ea"}, {"Category": "Fresh Fruits", "Aisle": "Fruits & Vegetables", "Sku": "20737330001_EA", "Regular Price": "None", "Sale Price": "6.99", "Image": "https://assets.shop.loblaws.ca/products/20737330001/b1/en/front/20737330001_front_a01_@2.png", "Brand": null, "Url": "https://www.maxi.ca/ambrosia-apples/p/20737330001_EA", "Sub Category": null, "English Name": "Ambrosia Apples", "Size": "1.36 kg", "Size Label": "ea"}, {"Category": "Fresh Fruits", "Aisle": "Fruits & Vegetables", "Sku": "21051297001_KG", "Regular Price": "None", "Sale Price": "14.75", "Image": "https://assets.shop.loblaws.ca/products/21051297001/b1/en/front/21051297001_front_a01_@2.png", "Brand": null, "Url": "https://www.maxi.ca/hami-melons/p/21051297001_KG", "Sub Category": null, "English Name": "Hami Melons", "Size": "$5.05/1kg $2.29/1lb", "Size Label": "ea"}, {"Category": "Fresh Fruits", "Aisle": "Fruits & Vegetables", "Sku": "20505821_EA", "Regular Price": "None", "Sale Price": "6.99", "Image": "https://assets.shop.loblaws.ca/products/20505821/b1/en/front/20505821_front_a01_@2.png", "Brand": null, "Url": "https://www.maxi.ca/blueberries-wild-12oz/p/20505821_EA", "Sub Category": null, "English Name": "Blueberries Wild 12oz", "Size": "340 g", "Size Label": "ea"}, {"Category": "Fresh Fruits", "Aisle": "Fruits & Vegetables", "Sku": "21101937001_EA", "Regular Price": "None", "Sale Price": "8.00", "Image": "https://assets.shop.loblaws.ca/products/21101937001/b1/en/front/21101937001_front_a01_@2.png", "Brand": "President's Choice", "Url": "https://www.maxi.ca/red-grapes-2lb/p/21101937001_EA", "Sub Category": null, "English Name": "Red Grapes 2lb", "Size": "907 g", "Size Label": "ea"}, {"Category": "Fresh Fruits", "Aisle": "Fruits & Vegetables", "Sku": "20002956001_EA", "Regular Price": "None", "Sale Price": "4.99", "Image": "https://assets.shop.loblaws.ca/products/20002956001/b1/en/front/20002956001_front_a01_@2.png", "Brand": null, "Url": "https://www.maxi.ca/large-organic-pineapple/p/20002956001_EA", "Sub Category": null, "English Name": "Large Organic Pineapple", "Size": "1 ea", "Size Label": "ea"}, {"Category": "Fresh Fruits", "Aisle": "Fruits & Vegetables", "Sku": "21092325001_EA", "Regular Price": "None", "Sale Price": "7.00", "Image": "https://assets.shop.loblaws.ca/products/21092325001/b1/en/front/21092325001_front_a01_@2.png", "Brand": null, "Url": "https://www.maxi.ca/halo-mandarin/p/21092325001_EA", "Sub Category": null, "English Name": "Halo Mandarin", "Size": "2 lb", "Size Label": "ea"}, {"Category": "Fresh Fruits", "Aisle": "Fruits & Vegetables", "Sku": "20157487001_EA", "Regular Price": "None", "Sale Price": "3.99", "Image": "https://assets.shop.loblaws.ca/products/20157487001/b1/en/front/20157487001_front_a01_@2.png", "Brand": null, "Url": "https://www.maxi.ca/fresh-coconut-young/p/20157487001_EA", "Sub Category": null, "English Name": "Fresh Coconut Young", "Size": "1 ea", "Size Label": "ea"}, {"Category": "Fresh Fruits", "Aisle": "Fruits & Vegetables", "Sku": "20045276001_EA", "Regular Price": "None", "Sale Price": "5.49", "Image": "https://assets.shop.loblaws.ca/products/20045276001/b1/en/front/20045276001_front_a01_@2.png", "Brand": null, "Url": "https://www.maxi.ca/honeydew-melon/p/20045276001_EA", "Sub Category": null, "English Name": "Honeydew Melon", "Size": "1 ea", "Size Label": "ea"}, {"Category": "Fresh Fruits", "Aisle": "Fruits & Vegetables", "Sku": "20160096001_EA", "Regular Price": "None", "Sale Price": "2.49", "Image": "https://assets.shop.loblaws.ca/products/20160096001/b1/en/front/20160096001_front_a01_@2.png", "Brand": null, "Url": "https://www.maxi.ca/cranberries/p/20160096001_EA", "Sub Category": null, "English Name": "Cranberries", "Size": "340 g", "Size Label": "ea"}, {"Category": "Fresh Fruits", "Aisle": "Fruits & Vegetables", "Sku": "20218569001_KG", "Regular Price": "None", "Sale Price": "1.32", "Image": "https://assets.shop.loblaws.ca/products/20218569001/b1/en/front/20218569001_front_a01_@2.png", "Brand": null, "Url": "https://www.maxi.ca/white-flesh-nectarine/p/20218569001_KG", "Sub Category": null, "English Name": "White Flesh Nectarine", "Size": "$11.00/1kg $4.99/1lb", "Size Label": "ea"}, {"Category": "Fresh Fruits", "Aisle": "Fruits & Vegetables", "Sku": "21022511001_KG", "Regular Price": "None", "Sale Price": "5.00", "Image": "https://assets.shop.loblaws.ca/products/21022511001/b1/en/front/21022511001_front_a01_@2.png", "Brand": null, "Url": "https://www.maxi.ca/canary-melon/p/21022511001_KG", "Sub Category": null, "English Name": "Canary Melon", "Size": "$2.29/1lb", "Size Label": "ea"}, {"Category": "Fresh Fruits", "Aisle": "Fruits & Vegetables", "Sku": "21099138001_EA", "Regular Price": "None", "Sale Price": "4.99", "Image": "https://assets.shop.loblaws.ca/products/21099138001/b1/en/front/21099138001_front_a01_@2.png", "Brand": null, "Url": "https://www.maxi.ca/fresh-kiwi-fruit/p/21099138001_EA", "Sub Category": null, "English Name": "Fresh Kiwi Fruit", "Size": "600 g", "Size Label": "ea"}, {"Category": "Fresh Fruits", "Aisle": "Fruits & Vegetables", "Sku": "21111368001_EA", "Regular Price": "None", "Sale Price": "5.99", "Image": "https://assets.shop.loblaws.ca/products/21111368001/b1/en/front/21111368001_front_a01_@2.png", "Brand": "Farmer's Market", "Url": "https://www.maxi.ca/bartlett-pear-2-l/p/21111368001_EA", "Sub Category": null, "English Name": "Bartlett Pear, 2 L", "Size": "1 ea", "Size Label": "ea"}, {"Category": "Fresh Fruits", "Aisle": "Fruits & Vegetables", "Sku": "20145379001_EA", "Regular Price": "None", "Sale Price": "5.99", "Image": "https://assets.shop.loblaws.ca/products/20145379001/b1/en/front/20145379001_front_a01_@2.png", "Brand": null, "Url": "https://www.maxi.ca/mini-seedless-watermelon/p/20145379001_EA", "Sub Category": null, "English Name": "Mini Seedless Watermelon", "Size": "1 ea", "Size Label": "ea"}, {"Category": "Fresh Fruits", "Aisle": "Fruits & Vegetables", "Sku": "20680596001_EA", "Regular Price": "None", "Sale Price": "6.50", "Image": "https://assets.shop.loblaws.ca/products/20680596001/b1/en/front/20680596001_front_a01_@2.png", "Brand": "PC Organics", "Url": "https://www.maxi.ca/avocados-bag/p/20680596001_EA", "Sub Category": null, "English Name": "Avocados, Bag", "Size": "3 pack", "Size Label": "ea"}, {"Category": "Fresh Fruits", "Aisle": "Fruits & Vegetables", "Sku": "20219700001_EA", "Regular Price": "None", "Sale Price": "1.49", "Image": "https://assets.shop.loblaws.ca/products/20219700001/b1/en/front/20219700001_front_a01_@2.png", "Brand": null, "Url": "https://www.maxi.ca/green-figs/p/20219700001_EA", "Sub Category": null, "English Name": "Green Figs", "Size": "1 ea", "Size Label": "ea"}, {"Category": "Fresh Fruits", "Aisle": "Fruits & Vegetables", "Sku": "21024343001_EA", "Regular Price": "None", "Sale Price": "3.99", "Image": "https://assets.shop.loblaws.ca/products/21024343001/b1/en/front/21024343001_front_a01_@2.png", "Brand": "Farmer's Market", "Url": "https://www.maxi.ca/ataulfo-mangoes-3-count/p/21024343001_EA", "Sub Category": null, "English Name": "Ataulfo Mangoes 3 Count ", "Size": "3x500.0 g", "Size Label": "ea"}, {"Category": "Fresh Fruits", "Aisle": "Fruits & Vegetables", "Sku": "20042410001_EA", "Regular Price": "None", "Sale Price": "4.88", "Image": "https://assets.shop.loblaws.ca/products/20042410001/b1/en/front/20042410001_front_a01_@2.png", "Brand": null, "Url": "https://www.maxi.ca/white-pummelos/p/20042410001_EA", "Sub Category": null, "English Name": "White Pummelos", "Size": "1 ea", "Size Label": "ea"}, {"Category": "Fresh Fruits", "Aisle": "Fruits & Vegetables", "Sku": "20219700001_EA", "Regular Price": "None", "Sale Price": "1.49", "Image": "https://assets.shop.loblaws.ca/products/20219700001/b1/en/front/20219700001_front_a01_@2.png", "Brand": null, "Url": "https://www.maxi.ca/green-figs/p/20219700001_EA", "Sub Category": null, "English Name": "Green Figs", "Size": "1 ea", "Size Label": "ea"}, {"Category": "Fresh Fruits", "Aisle": "Fruits & Vegetables", "Sku": "20166360001_KG", "Regular Price": "None", "Sale Price": "1.35", "Image": "https://assets.shop.loblaws.ca/products/20166360001/b1/en/front/20166360001_front_a01_@2.png", "Brand": null, "Url": "https://www.maxi.ca/paula-red-apples/p/20166360001_KG", "Sub Category": null, "English Name": "Paula Red Apples", "Size": "$5.49/1kg $2.49/1lb", "Size Label": "ea"}, {"Category": "Fresh Fruits", "Aisle": "Fruits & Vegetables", "Sku": "20072482001_KG", "Regular Price": "None", "Sale Price": "1.12", "Image": "https://assets.shop.loblaws.ca/products/20072482001/b1/en/front/20072482001_front_a01_@2.png", "Brand": null, "Url": "https://www.maxi.ca/mandarin-oranges/p/20072482001_KG", "Sub Category": null, "English Name": "Mandarin Oranges", "Size": "$6.59/1kg $2.99/1lb", "Size Label": "ea"}, {"Category": "Fresh Fruits", "Aisle": "Fruits & Vegetables", "Sku": "20042410001_EA", "Regular Price": "None", "Sale Price": "4.88", "Image": "https://assets.shop.loblaws.ca/products/20042410001/b1/en/front/20042410001_front_a01_@2.png", "Brand": null, "Url": "https://www.maxi.ca/white-pummelos/p/20042410001_EA", "Sub Category": null, "English Name": "White Pummelos", "Size": "1 ea", "Size Label": "ea"}, {"Category": "Fresh Fruits", "Aisle": "Fruits & Vegetables", "Sku": "20310940001_KG", "Regular Price": "None", "Sale Price": "1.58", "Image": "https://assets.shop.loblaws.ca/products/20310940001/b1/en/front/20310940001_front_a01_@2.png", "Brand": null, "Url": "https://www.maxi.ca/fuji-apples/p/20310940001_KG", "Sub Category": null, "English Name": "Fuji Apples", "Size": "$6.59/1kg $2.99/1lb", "Size Label": "ea"}, {"Category": "Fresh Fruits", "Aisle": "Fruits & Vegetables", "Sku": "20176879001_KG", "Regular Price": "None", "Sale Price": "8.71", "Image": "https://assets.shop.loblaws.ca/products/20176879001/b1/en/front/20176879001_front_a01_@2.png", "Brand": "President's Choice", "Url": "https://www.maxi.ca/plumcots/p/20176879001_KG", "Sub Category": null, "English Name": "Plumcots", "Size": "$4.49/1lb $9.90/1kg", "Size Label": "ea"}, {"Category": "Fresh Fruits", "Aisle": "Fruits & Vegetables", "Sku": "20285555001_EA", "Regular Price": "None", "Sale Price": "6.99", "Image": "https://assets.shop.loblaws.ca/products/20285555001/b1/en/front/20285555001_front_a01_@2.png", "Brand": "PC Organics", "Url": "https://www.maxi.ca/green-seedless-grapes/p/20285555001_EA", "Sub Category": null, "English Name": "Green Seedless Grapes", "Size": "907 g", "Size Label": "ea"}, {"Category": "Fresh Fruits", "Aisle": "Fruits & Vegetables", "Sku": "20713211001_EA", "Regular Price": "None", "Sale Price": "7.99", "Image": "https://assets.shop.loblaws.ca/products/20713211001/b1/en/front/20713211001_front_a01_@2.png", "Brand": "Farmer's Market", "Url": "https://www.maxi.ca/mcintosh-apples/p/20713211001_EA", "Sub Category": null, "English Name": "McIntosh Apples", "Size": "4 lb bag", "Size Label": "ea"}, {"Category": "Fresh Fruits", "Aisle": "Fruits & Vegetables", "Sku": "21387721001_EA", "Regular Price": "None", "Sale Price": "3.99", "Image": "https://assets.shop.loblaws.ca/products/21387721001/b1/en/front/21387721001_front_a01_@2.png", "Brand": "Farmer's Market", "Url": "https://www.maxi.ca/mango-red-3ct/p/21387721001_EA", "Sub Category": null, "English Name": "Mango Red 3Ct", "Size": "3 ea", "Size Label": "ea"}, {"Category": "Fresh Fruits", "Aisle": "Fruits & Vegetables", "Sku": "20128645001_EA", "Regular Price": "None", "Sale Price": "8.99", "Image": "https://assets.shop.loblaws.ca/products/20128645001/b1/en/front/20128645001_front_a01_@2.png", "Brand": "Farmer's Market", "Url": "https://www.maxi.ca/granny-smith-apples/p/20128645001_EA", "Sub Category": null, "English Name": "Granny Smith Apples", "Size": "4 lb bag", "Size Label": "ea"}, {"Category": "Fresh Fruits", "Aisle": "Fruits & Vegetables", "Sku": "20128072001_EA", "Regular Price": "None", "Sale Price": "4.99", "Image": "https://assets.shop.loblaws.ca/products/20128072001/b1/en/front/20128072001_front_a01_@2.png", "Brand": null, "Url": "https://www.maxi.ca/organic-blackberries/p/20128072001_EA", "Sub Category": null, "English Name": "Organic Blackberries", "Size": "170 g", "Size Label": "ea"}, {"Category": "Fresh Fruits", "Aisle": "Fruits & Vegetables", "Sku": "20134767001_EA", "Regular Price": "None", "Sale Price": "2.99", "Image": "https://assets.shop.loblaws.ca/products/20134767001/b1/en/front/20134767001_front_a01_@2.png", "Brand": null, "Url": "https://www.maxi.ca/pomegranate/p/20134767001_EA", "Sub Category": null, "English Name": "Pomegranate", "Size": "1 ea", "Size Label": "ea"}, {"Category": "Fresh Fruits", "Aisle": "Fruits & Vegetables", "Sku": "20111926001_KG", "Regular Price": "None", "Sale Price": "0.94", "Image": "https://assets.shop.loblaws.ca/products/20111926001/b1/en/front/20111926001_front_a01_@2.png", "Brand": null, "Url": "https://www.maxi.ca/plantains-single/p/20111926001_KG", "Sub Category": null, "English Name": "Plantains, Single", "Size": "$2.84/1kg $1.29/1lb", "Size Label": "ea"}, {"Category": "Fresh Fruits", "Aisle": "Fruits & Vegetables", "Sku": "20972906_EA", "Regular Price": "None", "Sale Price": "3.99", "Image": "https://assets.shop.loblaws.ca/products/20972906/b1/en/front/20972906_front_a01_@2.png", "Brand": null, "Url": "https://www.maxi.ca/golden-gooseberries/p/20972906_EA", "Sub Category": null, "English Name": "Golden Gooseberries", "Size": "170 g", "Size Label": "ea"}, {"Category": "Fresh Fruits", "Aisle": "Fruits & Vegetables", "Sku": "20287815001_KG", "Regular Price": "None", "Sale Price": "1.45", "Image": "https://assets.shop.loblaws.ca/products/20287815001/b1/en/front/20287815001_front_a01_@2.png", "Brand": null, "Url": "https://www.maxi.ca/bosc-pears/p/20287815001_KG", "Sub Category": null, "English Name": "Bosc Pears", "Size": "$6.59/1kg $2.99/1lb", "Size Label": "ea"}, {"Category": "Fresh Fruits", "Aisle": "Fruits & Vegetables", "Sku": "20708073001_EA", "Regular Price": "None", "Sale Price": "2.99", "Image": "https://assets.shop.loblaws.ca/products/20708073001/b1/en/front/20708073001_front_a01_@2.png", "Brand": null, "Url": "https://www.maxi.ca/sugar-cane/p/20708073001_EA", "Sub Category": null, "English Name": "Sugar Cane", "Size": "1 ea", "Size Label": "ea"}, {"Category": "Fresh Fruits", "Aisle": "Fruits & Vegetables", "Sku": "21181405001_EA", "Regular Price": "None", "Sale Price": "4.00", "Image": "https://assets.shop.loblaws.ca/products/21181405001/b1/en/front/21181405001_front_a01_@2.png", "Brand": "Farmer's Market", "Url": "https://www.maxi.ca/mandarin-orange-1-5lbs/p/21181405001_EA", "Sub Category": null, "English Name": "Mandarin Orange 1.5LBs", "Size": "681 g", "Size Label": "ea"}, {"Category": "Fresh Fruits", "Aisle": "Fruits & Vegetables", "Sku": "20002225001_KG", "Regular Price": "None", "Sale Price": "0.44", "Image": "https://assets.shop.loblaws.ca/products/20002225001/b1/en/front/20002225001_front_a01_@2.png", "Brand": null, "Url": "https://www.maxi.ca/macintosh-apple/p/20002225001_KG", "Sub Category": null, "English Name": "Macintosh Apple", "Size": "$2.09/1kg $0.95/1lb", "Size Label": "ea"}, {"Category": "Fresh Fruits", "Aisle": "Fruits & Vegetables", "Sku": "20179252001_KG", "Regular Price": "None", "Sale Price": "1.22", "Image": "https://assets.shop.loblaws.ca/products/20179252001/b1/en/front/20179252001_front_a01_@2.png", "Brand": null, "Url": "https://www.maxi.ca/minneola-tangelos/p/20179252001_KG", "Sub Category": null, "English Name": "Minneola Tangelos", "Size": "$5.49/1kg $2.49/1lb", "Size Label": "ea"}, {"Category": "Fresh Fruits", "Aisle": "Fruits & Vegetables", "Sku": "20606349001_EA", "Regular Price": "None", "Sale Price": "8.99", "Image": "https://assets.shop.loblaws.ca/products/20606349001/b1/en/front/20606349001_front_a01_@2.png", "Brand": "PC Organics", "Url": "https://www.maxi.ca/gala-apples-3lb-bag/p/20606349001_EA", "Sub Category": null, "English Name": "Gala Apples 3Lb Bag", "Size": "3 lb bag", "Size Label": "ea"}, {"Category": "Fresh Fruits", "Aisle": "Fruits & Vegetables", "Sku": "20138563001_KG", "Regular Price": "None", "Sale Price": "1.23", "Image": "https://assets.shop.loblaws.ca/products/20138563001/b1/en/front/20138563001_front_a01_@2.png", "Brand": null, "Url": "https://www.maxi.ca/yellow-nectarines/p/20138563001_KG", "Sub Category": null, "English Name": "Yellow Nectarines", "Size": "$3.99/1lb $8.80/1kg", "Size Label": "ea"}, {"Category": "Fresh Fruits", "Aisle": "Fruits & Vegetables", "Sku": "20005774001_EA", "Regular Price": "None", "Sale Price": "2.49", "Image": "https://assets.shop.loblaws.ca/products/20005774001/b1/en/front/20005774001_front_a01_@2.png", "Brand": null, "Url": "https://www.maxi.ca/coconuts/p/20005774001_EA", "Sub Category": null, "English Name": "Coconuts", "Size": "1 ea", "Size Label": "ea"}, {"Category": "Fresh Fruits", "Aisle": "Fruits & Vegetables", "Sku": "20286043001_EA", "Regular Price": "None", "Sale Price": "8.99", "Image": "https://assets.shop.loblaws.ca/products/20286043001/b1/en/front/20286043001_front_a01_@2.png", "Brand": "PC Organics", "Url": "https://www.maxi.ca/red-seedless-grapes/p/20286043001_EA", "Sub Category": null, "English Name": "Red Seedless Grapes", "Size": "907 g", "Size Label": "ea"}, {"Category": "Fresh Vegetables", "Aisle": "Fruits & Vegetables", "Sku": "20070132001_EA", "Regular Price": "None", "Sale Price": "1.49", "Image": "https://assets.shop.loblaws.ca/products/20070132001/b1/en/front/20070132001_front_a01_@2.png", "Brand": null, "Url": "https://www.maxi.ca/english-cucumber/p/20070132001_EA", "Sub Category": null, "English Name": "English Cucumber", "Size": "1 ea", "Size Label": "ea"}, {"Category": "Fresh Vegetables", "Aisle": "Fruits & Vegetables", "Sku": "20107500001_EA", "Regular Price": "None", "Sale Price": "0.99", "Image": "https://assets.shop.loblaws.ca/products/20107500001/b1/en/front/20107500001_front_a01_@2.png", "Brand": null, "Url": "https://www.maxi.ca/green-onion/p/20107500001_EA", "Sub Category": null, "English Name": "Green Onion", "Size": "1 bunch", "Size Label": "ea"}, {"Category": "Fresh Vegetables", "Aisle": "Fruits & Vegetables", "Sku": "20067389001_EA", "Regular Price": "None", "Sale Price": "2.99", "Image": "https://assets.shop.loblaws.ca/products/20067389001/b1/en/front/20067389001_front_a01_@2.png", "Brand": null, "Url": "https://www.maxi.ca/romaine-heart-3-pack/p/20067389001_EA", "Sub Category": null, "English Name": "Romaine Heart, 3 Pack", "Size": "3 pack", "Size Label": "ea"}, {"Category": "Fresh Vegetables", "Aisle": "Fruits & Vegetables", "Sku": "20811994001_EA", "Regular Price": "2.99", "Sale Price": "1.99", "Image": "https://assets.shop.loblaws.ca/products/20811994001/b1/en/front/20811994001_front_a01_@2.png", "Brand": "Farmer's Market", "Url": "https://www.maxi.ca/yellow-onions/p/20811994001_EA", "Sub Category": null, "English Name": "Yellow Onions", "Size": "3 lb bag", "Size Label": "ea"}, {"Category": "Fresh Vegetables", "Aisle": "Fruits & Vegetables", "Sku": "20163119001_EA", "Regular Price": "2.99", "Sale Price": "1.99", "Image": "https://assets.shop.loblaws.ca/products/20163119001/b1/en/front/20163119001_front_a01_@2.png", "Brand": null, "Url": "https://www.maxi.ca/celery-stalks/p/20163119001_EA", "Sub Category": null, "English Name": "Celery Stalks", "Size": "1 ea", "Size Label": "ea"}, {"Category": "Fresh Vegetables", "Aisle": "Fruits & Vegetables", "Sku": "20007535001_KG", "Regular Price": "None", "Sale Price": "1.85", "Image": "https://assets.shop.loblaws.ca/products/20007535001/b1/en/front/20007535001_front_a01_@2.png", "Brand": null, "Url": "https://www.maxi.ca/red-peppers/p/20007535001_KG", "Sub Category": null, "English Name": "Red Peppers    ", "Size": "$7.69/1kg $3.49/1lb", "Size Label": "ea"}, {"Category": "Fresh Vegetables", "Aisle": "Fruits & Vegetables", "Sku": "20135326001_EA", "Regular Price": "2.99", "Sale Price": "1.99", "Image": "https://assets.shop.loblaws.ca/products/20135326001/b1/en/front/20135326001_front_a01_@2.png", "Brand": null, "Url": "https://www.maxi.ca/lettuce-iceberg/p/20135326001_EA", "Sub Category": null, "English Name": "Lettuce Iceberg", "Size": "1 ea", "Size Label": "ea"}, {"Category": "Fresh Vegetables", "Aisle": "Fruits & Vegetables", "Sku": "20135377001_EA", "Regular Price": "3.88", "Sale Price": "2.99", "Image": "https://assets.shop.loblaws.ca/products/20135377001/b1/en/front/20135377001_front_a01_@2.png", "Brand": null, "Url": "https://www.maxi.ca/cauliflower/p/20135377001_EA", "Sub Category": null, "English Name": "Cauliflower", "Size": "1 ea", "Size Label": "ea"}, {"Category": "Fresh Vegetables", "Aisle": "Fruits & Vegetables", "Sku": "20600997001_EA", "Regular Price": "None", "Sale Price": "5.99", "Image": "https://assets.shop.loblaws.ca/products/20600997001/b1/en/front/20600997001_front_a01_@2.png", "Brand": "Farmer's Market", "Url": "https://www.maxi.ca/white-potatoes/p/20600997001_EA", "Sub Category": null, "English Name": "White Potatoes", "Size": "10 lb bag", "Size Label": "ea"}, {"Category": "Fresh Vegetables", "Aisle": "Fruits & Vegetables", "Sku": "20145621001_EA", "Regular Price": "3.49", "Sale Price": "0.95", "Image": "https://assets.shop.loblaws.ca/products/20145621001/b1/en/front/20145621001_front_a01_@2.png", "Brand": null, "Url": "https://www.maxi.ca/broccoli/p/20145621001_EA", "Sub Category": null, "English Name": "Broccoli", "Size": "1 ea", "Size Label": "ea"}, {"Category": "Fresh Vegetables", "Aisle": "Fruits & Vegetables", "Sku": "20426596001_KG", "Regular Price": "None", "Sale Price": "1.54", "Image": "https://assets.shop.loblaws.ca/products/20426596001/b1/en/front/20426596001_front_a01_@2.png", "Brand": null, "Url": "https://www.maxi.ca/zucchini/p/20426596001_KG", "Sub Category": null, "English Name": "Zucchini", "Size": "$5.49/1kg $2.49/1lb", "Size Label": "ea"}, {"Category": "Fresh Vegetables", "Aisle": "Fruits & Vegetables", "Sku": "20921434001_EA", "Regular Price": "6.00", "Sale Price": "3.49", "Image": "https://assets.shop.loblaws.ca/products/20921434001/b1/en/front/20921434001_front_a01_@2.png", "Brand": "No Name", "Url": "https://www.maxi.ca/naturally-imperfect-mixed-sweet-peppers-2-5lb-bag/p/20921434001_EA", "Sub Category": null, "English Name": "Naturally Imperfect Mixed Sweet Peppers 2.5lb Bag", "Size": "1.113 kg", "Size Label": "ea"}, {"Category": "Fresh Vegetables", "Aisle": "Fruits & Vegetables", "Sku": "20134101001_KG", "Regular Price": "None", "Sale Price": "2.03", "Image": "https://assets.shop.loblaws.ca/products/20134101001/b1/en/front/20134101001_front_a01_@2.png", "Brand": null, "Url": "https://www.maxi.ca/red-onion/p/20134101001_KG", "Sub Category": null, "English Name": "Red Onion", "Size": "$5.49/1kg $2.49/1lb", "Size Label": "ea"}, {"Category": "Fresh Vegetables", "Aisle": "Fruits & Vegetables", "Sku": "20143381001_KG", "Regular Price": "0.66", "Sale Price": "0.53", "Image": "https://assets.shop.loblaws.ca/products/20143381001/b1/en/front/20143381001_front_a01_@2.png", "Brand": null, "Url": "https://www.maxi.ca/roma-tomatoes/p/20143381001_KG", "Sub Category": null, "English Name": "Roma Tomatoes", "Size": "$4.39/1kg $1.99/1lb", "Size Label": "ea"}, {"Category": "Fresh Vegetables", "Aisle": "Fruits & Vegetables", "Sku": "20426141001_KG", "Regular Price": "None", "Sale Price": "1.47", "Image": "https://assets.shop.loblaws.ca/products/20426141001/b1/en/front/20426141001_front_a01_@2.png", "Brand": null, "Url": "https://www.maxi.ca/tomato-beefsteak-red/p/20426141001_KG", "Sub Category": null, "English Name": "Tomato Beefsteak  Red", "Size": "$5.49/1kg $2.49/1lb", "Size Label": "ea"}, {"Category": "Fresh Vegetables", "Aisle": "Fruits & Vegetables", "Sku": "20179038001_KG", "Regular Price": "None", "Sale Price": "1.66", "Image": "https://assets.shop.loblaws.ca/products/20179038001/b1/en/front/20179038001_front_a01_@2.png", "Brand": null, "Url": "https://www.maxi.ca/ginger/p/20179038001_KG", "Sub Category": null, "English Name": "Ginger", "Size": "$7.91/1kg $3.59/1lb", "Size Label": "ea"}, {"Category": "Fresh Vegetables", "Aisle": "Fruits & Vegetables", "Sku": "20425893001_KG", "Regular Price": "None", "Sale Price": "1.54", "Image": "https://assets.shop.loblaws.ca/products/20425893001/b1/en/front/20425893001_front_a01_@2.png", "Brand": null, "Url": "https://www.maxi.ca/sweet-green-peppers/p/20425893001_KG", "Sub Category": null, "English Name": "Sweet Green Peppers", "Size": "$5.49/1kg $2.49/1lb", "Size Label": "ea"}, {"Category": "Fresh Vegetables", "Aisle": "Fruits & Vegetables", "Sku": "20026703001_KG", "Regular Price": "None", "Sale Price": "4.68", "Image": "https://assets.shop.loblaws.ca/products/20026703001/b1/en/front/20026703001_front_a01_@2.png", "Brand": null, "Url": "https://www.maxi.ca/tomato-on-the-vine-red-1-bunch/p/20026703001_KG", "Sub Category": null, "English Name": "Tomato On The Vine Red (1 Bunch)", "Size": "$6.59/1kg $2.99/1lb", "Size Label": "ea"}, {"Category": "Fresh Vegetables", "Aisle": "Fruits & Vegetables", "Sku": "21004355001_EA", "Regular Price": "1.29", "Sale Price": "0.88", "Image": "https://assets.shop.loblaws.ca/products/21004355001/b1/en/front/21004355001_front_a01_@2.png", "Brand": "Rooster", "Url": "https://www.maxi.ca/garlic-bulbs-3-count/p/21004355001_EA", "Sub Category": null, "English Name": "Garlic Bulbs, 3-count", "Size": "90 g", "Size Label": "ea"}, {"Category": "Fresh Vegetables", "Aisle": "Fruits & Vegetables", "Sku": "20117370001_EA", "Regular Price": "None", "Sale Price": "2.29", "Image": "https://assets.shop.loblaws.ca/products/20117370001/b1/en/front/20117370001_front_a01_@2.png", "Brand": "Farmer's Market", "Url": "https://www.maxi.ca/mini-carrots/p/20117370001_EA", "Sub Category": null, "English Name": "Mini Carrots", "Size": "340 g", "Size Label": "ea"}, {"Category": "Fresh Vegetables", "Aisle": "Fruits & Vegetables", "Sku": "20600927001_EA", "Regular Price": "3.99", "Sale Price": "2.49", "Image": "https://assets.shop.loblaws.ca/products/20600927001/b1/en/front/20600927001_front_a01_@2.png", "Brand": "Farmer's Market", "Url": "https://www.maxi.ca/carrots/p/20600927001_EA", "Sub Category": null, "English Name": "Carrots", "Size": "3 lb bag", "Size Label": "ea"}, {"Category": "Fresh Vegetables", "Aisle": "Fruits & Vegetables", "Sku": "20776239_EA", "Regular Price": "2.50", "Sale Price": "0.84", "Image": "https://assets.shop.loblaws.ca/products/20776239/b1/en/front/20776239_front_a01_@2.png", "Brand": "President's Choice", "Url": "https://www.maxi.ca/whole-white-mushrooms/p/20776239_EA", "Sub Category": null, "English Name": "Whole White Mushrooms", "Size": "227 g", "Size Label": "ea"}, {"Category": "Fresh Vegetables", "Aisle": "Fruits & Vegetables", "Sku": "21121560001_EA", "Regular Price": "2.49", "Sale Price": "1.99", "Image": "https://assets.shop.loblaws.ca/products/21121560001/b1/en/front/21121560001_front_a01_@2.png", "Brand": null, "Url": "https://www.maxi.ca/broccoli-crown/p/21121560001_EA", "Sub Category": null, "English Name": "Broccoli Crown", "Size": "1 ea", "Size Label": "ea"}, {"Category": "Fresh Vegetables", "Aisle": "Fruits & Vegetables", "Sku": "20127708001_KG", "Regular Price": "2.49", "Sale Price": "1.32", "Image": "https://assets.shop.loblaws.ca/products/20127708001/b1/en/front/20127708001_front_a01_@2.png", "Brand": null, "Url": "https://www.maxi.ca/sweet-potato/p/20127708001_KG", "Sub Category": null, "English Name": "Sweet Potato", "Size": "$2.09/1kg $0.95/1lb", "Size Label": "ea"}, {"Category": "Fresh Vegetables", "Aisle": "Fruits & Vegetables", "Sku": "21035960001_EA", "Regular Price": "None", "Sale Price": "5.00", "Image": "https://assets.shop.loblaws.ca/products/21035960001/b1/en/front/21035960001_front_a01_@2.png", "Brand": "Farmer's Market", "Url": "https://www.maxi.ca/mini-cucumbers/p/21035960001_EA", "Sub Category": null, "English Name": "Mini Cucumbers", "Size": "15x1.0 ea", "Size Label": "ea"}, {"Category": "Fresh Vegetables", "Aisle": "Fruits & Vegetables", "Sku": "21367888001_EA", "Regular Price": "None", "Sale Price": "4.00", "Image": "https://assets.shop.loblaws.ca/products/21367888001/b1/en/front/21367888001_front_a01_@2.png", "Brand": "Farmer's Market", "Url": "https://www.maxi.ca/grape-tomatoes/p/21367888001_EA", "Sub Category": null, "English Name": "Grape Tomatoes", "Size": "283 g", "Size Label": "ea"}, {"Category": "Fresh Vegetables", "Aisle": "Fruits & Vegetables", "Sku": "20083454001_KG", "Regular Price": "None", "Sale Price": "3.03", "Image": "https://assets.shop.loblaws.ca/products/20083454001/b1/en/front/20083454001_front_a01_@2.png", "Brand": null, "Url": "https://www.maxi.ca/sweet-onion/p/20083454001_KG", "Sub Category": null, "English Name": "Sweet Onion", "Size": "$6.59/1kg $2.99/1lb", "Size Label": "ea"}, {"Category": "Fresh Vegetables", "Aisle": "Fruits & Vegetables", "Sku": "20600991001_EA", "Regular Price": "None", "Sale Price": "7.99", "Image": "https://assets.shop.loblaws.ca/products/20600991001/b1/en/front/20600991001_front_a01_@2.png", "Brand": "Farmer's Market", "Url": "https://www.maxi.ca/yellow-onions/p/20600991001_EA", "Sub Category": null, "English Name": "Yellow Onions", "Size": "10 lb bag", "Size Label": "ea"}, {"Category": "Fresh Vegetables", "Aisle": "Fruits & Vegetables", "Sku": "20793034001_KG", "Regular Price": "4.77", "Sale Price": "3.66", "Image": "https://assets.shop.loblaws.ca/products/20793034001/b1/en/front/20793034001_front_a01_@2.png", "Brand": null, "Url": "https://www.maxi.ca/cabbage-green/p/20793034001_KG", "Sub Category": null, "English Name": "Cabbage, Green", "Size": "$2.18/1kg $0.99/1lb", "Size Label": "ea"}, {"Category": "Fresh Vegetables", "Aisle": "Fruits & Vegetables", "Sku": "20135581001_KG", "Regular Price": "None", "Sale Price": "1.54", "Image": "https://assets.shop.loblaws.ca/products/20135581001/b1/en/front/20135581001_front_a01_@2.png", "Brand": null, "Url": "https://www.maxi.ca/colossal-garlic/p/20135581001_KG", "Sub Category": null, "English Name": "Colossal Garlic", "Size": "$15.41/1kg $6.99/1lb", "Size Label": "ea"}, {"Category": "Fresh Vegetables", "Aisle": "Fruits & Vegetables", "Sku": "20737570001_EA", "Regular Price": "None", "Sale Price": "4.49", "Image": "https://assets.shop.loblaws.ca/products/20737570001/b1/en/front/20737570001_front_a01_@2.png", "Brand": "Farmer's Market", "Url": "https://www.maxi.ca/mini-cucumbers/p/20737570001_EA", "Sub Category": null, "English Name": "Mini Cucumbers", "Size": "6 pack", "Size Label": "ea"}, {"Category": "Fresh Vegetables", "Aisle": "Fruits & Vegetables", "Sku": "20117550001_EA", "Regular Price": "None", "Sale Price": "5.00", "Image": "https://assets.shop.loblaws.ca/products/20117550001/b1/en/front/20117550001_front_a01_@2.png", "Brand": "Farmer's Market", "Url": "https://www.maxi.ca/sweet-baby-peppers-4-pack/p/20117550001_EA", "Sub Category": null, "English Name": "Sweet Baby Peppers (4-Pack)", "Size": "1 ea", "Size Label": "ea"}, {"Category": "Fresh Vegetables", "Aisle": "Fruits & Vegetables", "Sku": "20840038001_EA", "Regular Price": "None", "Sale Price": "7.00", "Image": "https://assets.shop.loblaws.ca/products/20840038001/b1/en/front/20840038001_front_a01_@2.png", "Brand": "Farmer's Market", "Url": "https://www.maxi.ca/grape-tomato-907g/p/20840038001_EA", "Sub Category": null, "English Name": "Grape Tomato 907G    ", "Size": "908 g", "Size Label": "ea"}, {"Category": "Fresh Vegetables", "Aisle": "Fruits & Vegetables", "Sku": "20166880001_KG", "Regular Price": "None", "Sale Price": "1.85", "Image": "https://assets.shop.loblaws.ca/products/20166880001/b1/en/front/20166880001_front_a01_@2.png", "Brand": null, "Url": "https://www.maxi.ca/greenhouse-peppers-orange/p/20166880001_KG", "Sub Category": null, "English Name": "Greenhouse Peppers, Orange", "Size": "$7.69/1kg $3.49/1lb", "Size Label": "ea"}, {"Category": "Fresh Vegetables", "Aisle": "Fruits & Vegetables", "Sku": "20065036001_EA", "Regular Price": "None", "Sale Price": "2.49", "Image": "https://assets.shop.loblaws.ca/products/20065036001/b1/en/front/20065036001_front_a01_@2.png", "Brand": null, "Url": "https://www.maxi.ca/romaine-lettuce/p/20065036001_EA", "Sub Category": null, "English Name": "Romaine Lettuce", "Size": "1 ea", "Size Label": "ea"}, {"Category": "Fresh Vegetables", "Aisle": "Fruits & Vegetables", "Sku": "20738571_EA", "Regular Price": "None", "Sale Price": "5.00", "Image": "https://assets.shop.loblaws.ca/products/20738571/b1/en/front/20738571_front_a01_@2.png", "Brand": "President's Choice", "Url": "https://www.maxi.ca/whole-white-mushrooms/p/20738571_EA", "Sub Category": null, "English Name": "Whole White Mushrooms", "Size": "454 g", "Size Label": "ea"}, {"Category": "Fresh Vegetables", "Aisle": "Fruits & Vegetables", "Sku": "20031454001_EA", "Regular Price": "None", "Sale Price": "4.99", "Image": "https://assets.shop.loblaws.ca/products/20031454001/b1/en/front/20031454001_front_a01_@2.png", "Brand": "Farmer's Market", "Url": "https://www.maxi.ca/mini-carrots/p/20031454001_EA", "Sub Category": null, "English Name": "Mini Carrots", "Size": "2 lb bag", "Size Label": "ea"}, {"Category": "Fresh Vegetables", "Aisle": "Fruits & Vegetables", "Sku": "20003839001_KG", "Regular Price": "None", "Sale Price": "2.44", "Image": "https://assets.shop.loblaws.ca/products/20003839001/b1/en/front/20003839001_front_a01_@2.png", "Brand": null, "Url": "https://www.maxi.ca/white-onion/p/20003839001_KG", "Sub Category": null, "English Name": "White Onion", "Size": "$6.59/1kg $2.99/1lb", "Size Label": "ea"}, {"Category": "Fresh Vegetables", "Aisle": "Fruits & Vegetables", "Sku": "20141814001_KG", "Regular Price": "None", "Sale Price": "1.92", "Image": "https://assets.shop.loblaws.ca/products/20141814001/b1/en/front/20141814001_front_a01_@2.png", "Brand": null, "Url": "https://www.maxi.ca/greenhouse-peppers-yellow/p/20141814001_KG", "Sub Category": null, "English Name": "Greenhouse Peppers, Yellow", "Size": "$7.69/1kg $3.49/1lb", "Size Label": "ea"}, {"Category": "Fresh Vegetables", "Aisle": "Fruits & Vegetables", "Sku": "21247300001_EA", "Regular Price": "None", "Sale Price": "4.49", "Image": "https://assets.shop.loblaws.ca/products/21247300001/b1/en/front/21247300001_front_a01_@2.png", "Brand": "President's Choice", "Url": "https://www.maxi.ca/yellow-mini-potatoes/p/21247300001_EA", "Sub Category": null, "English Name": "Yellow Mini Potatoes", "Size": "0.68 kg", "Size Label": "ea"}, {"Category": "Fresh Vegetables", "Aisle": "Fruits & Vegetables", "Sku": "21021499_EA", "Regular Price": "None", "Sale Price": "3.49", "Image": "https://assets.shop.loblaws.ca/products/21021499/b1/en/front/21021499_front_a01_@2.png", "Brand": "PC Organics", "Url": "https://www.maxi.ca/organic-white-mushrooms/p/21021499_EA", "Sub Category": null, "English Name": "Organic White Mushrooms", "Size": "227 g", "Size Label": "ea"}, {"Category": "Fresh Vegetables", "Aisle": "Fruits & Vegetables", "Sku": "20133884001_EA", "Regular Price": "None", "Sale Price": "2.49", "Image": "https://assets.shop.loblaws.ca/products/20133884001/b1/en/front/20133884001_front_a01_@2.png", "Brand": null, "Url": "https://www.maxi.ca/green-leaf-lettuce/p/20133884001_EA", "Sub Category": null, "English Name": "Green Leaf Lettuce", "Size": "1 ea", "Size Label": "ea"}, {"Category": "Fresh Vegetables", "Aisle": "Fruits & Vegetables", "Sku": "20601017001_EA", "Regular Price": "5.99", "Sale Price": "4.99", "Image": "https://assets.shop.loblaws.ca/products/20601017001/b1/en/front/20601017001_front_a01_@2.png", "Brand": "Farmer's Market", "Url": "https://www.maxi.ca/yellow-potato-10lb-bag/p/20601017001_EA", "Sub Category": null, "English Name": "Yellow Potato 10lb Bag", "Size": "10 lb bag", "Size Label": "ea"}, {"Category": "Fresh Vegetables", "Aisle": "Fruits & Vegetables", "Sku": "21238643001_EA", "Regular Price": "None", "Sale Price": "4.69", "Image": "https://assets.shop.loblaws.ca/products/21238643001/b1/en/front/21238643001_front_a01_@2.png", "Brand": "PC Organics", "Url": "https://www.maxi.ca/organic-mini-mix-potatoes-454g/p/21238643001_EA", "Sub Category": null, "English Name": "Organic Mini Mix Potatoes 454G", "Size": "454 g", "Size Label": "ea"}, {"Category": "Fresh Vegetables", "Aisle": "Fruits & Vegetables", "Sku": "20739574_EA", "Regular Price": "None", "Sale Price": "4.69", "Image": "https://assets.shop.loblaws.ca/products/20739574/b1/en/front/20739574_front_a01_@2.png", "Brand": null, "Url": "https://www.maxi.ca/purple-sweeties-potatoes/p/20739574_EA", "Sub Category": null, "English Name": "Purple Sweeties Potatoes", "Size": "681 g", "Size Label": "ea"}, {"Category": "Fresh Vegetables", "Aisle": "Fruits & Vegetables", "Sku": "20686417001_KG", "Regular Price": "None", "Sale Price": "14.36", "Image": "https://assets.shop.loblaws.ca/products/20686417001/b1/en/front/20686417001_front_a01_@2.png", "Brand": null, "Url": "https://www.maxi.ca/long-eggplants-1pack/p/20686417001_KG", "Sub Category": null, "English Name": "Long Eggplants (1Pack)", "Size": "$4.49/1lb $9.90/1kg", "Size Label": "ea"}, {"Category": "Fresh Vegetables", "Aisle": "Fruits & Vegetables", "Sku": "20941203001_EA", "Regular Price": "None", "Sale Price": "4.00", "Image": "https://assets.shop.loblaws.ca/products/20941203001/b1/en/front/20941203001_front_a01_@2.png", "Brand": "No Name", "Url": "https://www.maxi.ca/onion/p/20941203001_EA", "Sub Category": null, "English Name": "Onion", "Size": "4.54 kg", "Size Label": "ea"}, {"Category": "Fresh Vegetables", "Aisle": "Fruits & Vegetables", "Sku": "20935181001_KG", "Regular Price": "None", "Sale Price": "3.71", "Image": "https://assets.shop.loblaws.ca/products/20935181001/b1/en/front/20935181001_front_a01_@2.png", "Brand": null, "Url": "https://www.maxi.ca/red-carrots/p/20935181001_KG", "Sub Category": null, "English Name": "Red Carrots", "Size": "$5.49/1kg $2.49/1lb", "Size Label": "ea"}, {"Category": "Fresh Vegetables", "Aisle": "Fruits & Vegetables", "Sku": "21454747001_EA", "Regular Price": "None", "Sale Price": "4.50", "Image": "https://assets.shop.loblaws.ca/products/21454747001/b1/en/front/21454747001_front_a01_@2.png", "Brand": "President's Choice", "Url": "https://www.maxi.ca/poblano-hot-peppers/p/21454747001_EA", "Sub Category": null, "English Name": "Poblano Hot Peppers", "Size": "226 g", "Size Label": "ea"}, {"Category": "Fresh Vegetables", "Aisle": "Fruits & Vegetables", "Sku": "20775805_EA", "Regular Price": "None", "Sale Price": "2.99", "Image": "https://assets.shop.loblaws.ca/products/20775805/b1/en/front/20775805_front_a01_@2.png", "Brand": "President's Choice", "Url": "https://www.maxi.ca/whole-cremini-mushrooms/p/20775805_EA", "Sub Category": null, "English Name": "Whole Cremini Mushrooms", "Size": "227 g", "Size Label": "ea"}, {"Category": "Fresh Vegetables", "Aisle": "Fruits & Vegetables", "Sku": "21030001001_EA", "Regular Price": "None", "Sale Price": "6.00", "Image": "https://assets.shop.loblaws.ca/products/21030001001/b1/en/front/21030001001_front_a01_@2.png", "Brand": null, "Url": "https://www.maxi.ca/roma-tomatoes/p/21030001001_EA", "Sub Category": null, "English Name": "Roma Tomatoes", "Size": "3 l", "Size Label": "ea"}, {"Category": "Fresh Vegetables", "Aisle": "Fruits & Vegetables", "Sku": "21182393001_EA", "Regular Price": "None", "Sale Price": "6.00", "Image": "https://assets.shop.loblaws.ca/products/21182393001/b1/en/front/21182393001_front_a01_@2.png", "Brand": null, "Url": "https://www.maxi.ca/tomato-sugar-bomb/p/21182393001_EA", "Sub Category": null, "English Name": "Tomato Sugar Bomb", "Size": "341 g", "Size Label": "ea"}, {"Category": "Fresh Vegetables", "Aisle": "Fruits & Vegetables", "Sku": "21090447001_EA", "Regular Price": "None", "Sale Price": "7.00", "Image": "https://assets.shop.loblaws.ca/products/21090447001/b1/en/front/21090447001_front_a01_@2.png", "Brand": "President's Choice", "Url": "https://www.maxi.ca/axiany-cherry-tomatoes/p/21090447001_EA", "Sub Category": null, "English Name": "Axiany Cherry Tomatoes", "Size": "681 g", "Size Label": "ea"}, {"Category": "Fresh Vegetables", "Aisle": "Fruits & Vegetables", "Sku": "20426724001_KG", "Regular Price": "None", "Sale Price": "1.43", "Image": "https://assets.shop.loblaws.ca/products/20426724001/b1/en/front/20426724001_front_a01_@2.png", "Brand": null, "Url": "https://www.maxi.ca/red-potatoes/p/20426724001_KG", "Sub Category": null, "English Name": "Red Potatoes", "Size": "$5.49/1kg $2.49/1lb", "Size Label": "ea"}, {"Category": "Fresh Vegetables", "Aisle": "Fruits & Vegetables", "Sku": "20149995001_KG", "Regular Price": "None", "Sale Price": "3.21", "Image": "https://assets.shop.loblaws.ca/products/20149995001/b1/en/front/20149995001_front_a01_@2.png", "Brand": null, "Url": "https://www.maxi.ca/radicchio-lettuce/p/20149995001_KG", "Sub Category": null, "English Name": "Radicchio Lettuce", "Size": "$4.69/1lb $10.34/1kg", "Size Label": "ea"}, {"Category": "Fresh Vegetables", "Aisle": "Fruits & Vegetables", "Sku": "20935181001_KG", "Regular Price": "None", "Sale Price": "3.71", "Image": "https://assets.shop.loblaws.ca/products/20935181001/b1/en/front/20935181001_front_a01_@2.png", "Brand": null, "Url": "https://www.maxi.ca/red-carrots/p/20935181001_KG", "Sub Category": null, "English Name": "Red Carrots", "Size": "$5.49/1kg $2.49/1lb", "Size Label": "ea"}, {"Category": "Fresh Vegetables", "Aisle": "Fruits & Vegetables", "Sku": "21042283001_EA", "Regular Price": "None", "Sale Price": "5.00", "Image": "https://assets.shop.loblaws.ca/products/21042283001/b1/en/front/21042283001_front_a01_@2.png", "Brand": null, "Url": "https://www.maxi.ca/jalapeno-peppers/p/21042283001_EA", "Sub Category": null, "English Name": "Jalapeno Peppers", "Size": "2000 ml", "Size Label": "ea"}, {"Category": "Fresh Vegetables", "Aisle": "Fruits & Vegetables", "Sku": "20180051_EA", "Regular Price": "None", "Sale Price": "4.49", "Image": "https://assets.shop.loblaws.ca/products/20180051/b1/en/front/20180051_front_a01_@2.png", "Brand": null, "Url": "https://www.maxi.ca/heirloom-ontario-garlic/p/20180051_EA", "Sub Category": null, "English Name": "Heirloom Ontario Garlic", "Size": "115 g", "Size Label": "ea"}, {"Category": "Fresh Vegetables", "Aisle": "Fruits & Vegetables", "Sku": "20686141001_KG", "Regular Price": "None", "Sale Price": "5.08", "Image": "https://assets.shop.loblaws.ca/products/20686141001/b1/en/front/20686141001_front_a01_@2.png", "Brand": null, "Url": "https://www.maxi.ca/okra-1-pack/p/20686141001_KG", "Sub Category": null, "English Name": "Okra (1 pack)", "Size": "$12.10/1kg $5.49/1lb", "Size Label": "ea"}, {"Category": "Fresh Vegetables", "Aisle": "Fruits & Vegetables", "Sku": "20317208001_KG", "Regular Price": "6.70", "Sale Price": "5.01", "Image": "https://assets.shop.loblaws.ca/products/20317208001/b1/en/front/20317208001_front_a01_@2.png", "Brand": null, "Url": "https://www.maxi.ca/buttercup-squash/p/20317208001_KG", "Sub Category": null, "English Name": "Buttercup Squash", "Size": "$1.49/1lb $3.28/1kg", "Size Label": "ea"}, {"Category": "Fresh Vegetables", "Aisle": "Fruits & Vegetables", "Sku": "20148363001_KG", "Regular Price": "None", "Sale Price": "1.48", "Image": "https://assets.shop.loblaws.ca/products/20148363001/b1/en/front/20148363001_front_a01_@2.png", "Brand": null, "Url": "https://www.maxi.ca/yellow-zucchini/p/20148363001_KG", "Sub Category": null, "English Name": "Yellow Zucchini", "Size": "$5.49/1kg $2.49/1lb", "Size Label": "ea"}, {"Category": "Fresh Vegetables", "Aisle": "Fruits & Vegetables", "Sku": "20009380_EA", "Regular Price": "None", "Sale Price": "4.99", "Image": "https://assets.shop.loblaws.ca/products/20009380/b1/en/front/20009380_front_a01_@2.png", "Brand": "PC Organics", "Url": "https://www.maxi.ca/organic-red-potatoes/p/20009380_EA", "Sub Category": null, "English Name": "Organic Red Potatoes", "Size": "3 lb bag", "Size Label": "ea"}, {"Category": "Fresh Vegetables", "Aisle": "Fruits & Vegetables", "Sku": "20100770001_EA", "Regular Price": "None", "Sale Price": "3.99", "Image": "https://assets.shop.loblaws.ca/products/20100770001/b1/en/front/20100770001_front_a01_@2.png", "Brand": null, "Url": "https://www.maxi.ca/celery-hearts/p/20100770001_EA", "Sub Category": null, "English Name": "Celery Hearts", "Size": "2 pack", "Size Label": "ea"}, {"Category": "Fresh Vegetables", "Aisle": "Fruits & Vegetables", "Sku": "20424953_EA", "Regular Price": "None", "Sale Price": "6.00", "Image": "https://assets.shop.loblaws.ca/products/20424953/b1/en/front/20424953_front_a01_@2.png", "Brand": null, "Url": "https://www.maxi.ca/organic-cocktail-tomatoes/p/20424953_EA", "Sub Category": null, "English Name": "Organic Cocktail Tomatoes", "Size": "250 g", "Size Label": "ea"}, {"Category": "Fresh Vegetables", "Aisle": "Fruits & Vegetables", "Sku": "20626629_EA", "Regular Price": "None", "Sale Price": "4.99", "Image": "https://assets.shop.loblaws.ca/products/20626629/b1/en/front/20626629_front_a01_@2.png", "Brand": "PC Organics", "Url": "https://www.maxi.ca/organics-whole-shitake-mushrooms/p/20626629_EA", "Sub Category": null, "English Name": "Organics Whole Shitake Mushrooms", "Size": "100 g", "Size Label": "ea"}, {"Category": "Fresh Vegetables", "Aisle": "Fruits & Vegetables", "Sku": "20524922001_KG", "Regular Price": "None", "Sale Price": "5.22", "Image": "https://assets.shop.loblaws.ca/products/20524922001/b1/en/front/20524922001_front_a01_@2.png", "Brand": null, "Url": "https://www.maxi.ca/japanese-yams/p/20524922001_KG", "Sub Category": null, "English Name": "Japanese Yams", "Size": "$5.49/1kg $2.49/1lb", "Size Label": "ea"}, {"Category": "Fresh Vegetables", "Aisle": "Fruits & Vegetables", "Sku": "20127917001_KG", "Regular Price": "None", "Sale Price": "6.34", "Image": "https://assets.shop.loblaws.ca/products/20127917001/b1/en/front/20127917001_front_a01_@2.png", "Brand": "PC Organics", "Url": "https://www.maxi.ca/organic-tomato-on-the-vine-red-1-bunch/p/20127917001_KG", "Sub Category": null, "English Name": "Organic Tomato On The Vine Red (1 Bunch)", "Size": "$3.99/1lb $8.80/1kg", "Size Label": "ea"}, {"Category": "Fresh Vegetables", "Aisle": "Fruits & Vegetables", "Sku": "21035898001_EA", "Regular Price": "None", "Sale Price": "4.69", "Image": "https://assets.shop.loblaws.ca/products/21035898001/b1/en/front/21035898001_front_a01_@2.png", "Brand": null, "Url": "https://www.maxi.ca/potato-baking-tray/p/21035898001_EA", "Sub Category": null, "English Name": "Potato Baking Tray", "Size": "1 ea", "Size Label": "ea"}, {"Category": "Fresh Vegetables", "Aisle": "Fruits & Vegetables", "Sku": "20162840001_EA", "Regular Price": "None", "Sale Price": "2.49", "Image": "https://assets.shop.loblaws.ca/products/20162840001/b1/en/front/20162840001_front_a01_@2.png", "Brand": null, "Url": "https://www.maxi.ca/spinach-bunched/p/20162840001_EA", "Sub Category": null, "English Name": "Spinach, Bunched", "Size": "1 ea", "Size Label": "ea"}, {"Category": "Fresh Vegetables", "Aisle": "Fruits & Vegetables", "Sku": "21247301001_EA", "Regular Price": "None", "Sale Price": "4.49", "Image": "https://assets.shop.loblaws.ca/products/21247301001/b1/en/front/21247301001_front_a01_@2.png", "Brand": "President's Choice", "Url": "https://www.maxi.ca/mixed-little-gems/p/21247301001_EA", "Sub Category": null, "English Name": "Mixed Little Gems", "Size": "0.68 kg", "Size Label": "ea"}, {"Category": "Fresh Vegetables", "Aisle": "Fruits & Vegetables", "Sku": "20032320001_EA", "Regular Price": "1.79", "Sale Price": "0.99", "Image": "https://assets.shop.loblaws.ca/products/20032320001/b1/en/front/20032320001_front_a01_@2.png", "Brand": null, "Url": "https://www.maxi.ca/radishes/p/20032320001_EA", "Sub Category": null, "English Name": "Radishes", "Size": "1 bunch", "Size Label": "ea"}, {"Category": "Fresh Vegetables", "Aisle": "Fruits & Vegetables", "Sku": "20626950_EA", "Regular Price": "None", "Sale Price": "3.99", "Image": "https://assets.shop.loblaws.ca/products/20626950/b1/en/front/20626950_front_a01_@2.png", "Brand": "PC Organics", "Url": "https://www.maxi.ca/organics-portobello-mushroom-caps/p/20626950_EA", "Sub Category": null, "English Name": "Organics Portobello Mushroom Caps", "Size": "2 pack", "Size Label": "ea"}, {"Category": "Fresh Vegetables", "Aisle": "Fruits & Vegetables", "Sku": "21391616_EA", "Regular Price": "None", "Sale Price": "4.99", "Image": "https://assets.shop.loblaws.ca/products/21391616/b1/en/front/21391616_front_a01_@2.png", "Brand": "The Little Potato Company", "Url": "https://www.maxi.ca/oven-bbq-ready-garlic-herb-potatoes/p/21391616_EA", "Sub Category": null, "English Name": "Oven BBQ Ready Garlic Herb Potatoes", "Size": "454 g", "Size Label": "ea"}, {"Category": "Fresh Vegetables", "Aisle": "Fruits & Vegetables", "Sku": "20001440001_EA", "Regular Price": "None", "Sale Price": "4.99", "Image": "https://assets.shop.loblaws.ca/products/20001440001/b1/en/front/20001440001_front_a01_@2.png", "Brand": "PC Organics", "Url": "https://www.maxi.ca/organic-cauliflower/p/20001440001_EA", "Sub Category": null, "English Name": "Organic Cauliflower", "Size": "1 ea", "Size Label": "ea"}, {"Category": "Fresh Vegetables", "Aisle": "Fruits & Vegetables", "Sku": "21105530001_EA", "Regular Price": "None", "Sale Price": "3.00", "Image": "https://assets.shop.loblaws.ca/products/21105530001/b1/en/front/21105530001_front_a01_@2.png", "Brand": "No Name", "Url": "https://www.maxi.ca/zucchini-2-5l/p/21105530001_EA", "Sub Category": null, "English Name": "Zucchini 2.5L", "Size": "1.13 kg", "Size Label": "ea"}, {"Category": "Fresh Vegetables", "Aisle": "Fruits & Vegetables", "Sku": "20799491001_EA", "Regular Price": "None", "Sale Price": "4.00", "Image": "https://assets.shop.loblaws.ca/products/20799491001/b1/en/front/20799491001_front_a01_@2.png", "Brand": "PC Organics", "Url": "https://www.maxi.ca/organic-grape-tomatoes/p/20799491001_EA", "Sub Category": null, "English Name": "Organic Grape Tomatoes", "Size": "255 g", "Size Label": "ea"}, {"Category": "Fresh Vegetables", "Aisle": "Fruits & Vegetables", "Sku": "20082109001_KG", "Regular Price": "None", "Sale Price": "2.67", "Image": "https://assets.shop.loblaws.ca/products/20082109001/b1/en/front/20082109001_front_a01_@2.png", "Brand": null, "Url": "https://www.maxi.ca/lobok-daikon-radish/p/20082109001_KG", "Sub Category": null, "English Name": "LoBok (Daikon Radish)", "Size": "$2.84/1kg $1.29/1lb", "Size Label": "ea"}, {"Category": "Fresh Vegetables", "Aisle": "Fruits & Vegetables", "Sku": "21454495001_EA", "Regular Price": "None", "Sale Price": "4.50", "Image": "https://assets.shop.loblaws.ca/products/21454495001/b1/en/front/21454495001_front_a01_@2.png", "Brand": "President's Choice", "Url": "https://www.maxi.ca/red-thai-hot-peppers/p/21454495001_EA", "Sub Category": null, "English Name": "Red Thai Hot Peppers", "Size": "75 g", "Size Label": "ea"}, {"Category": "Fresh Vegetables", "Aisle": "Fruits & Vegetables", "Sku": "21126944001_EA", "Regular Price": "None", "Sale Price": "5.99", "Image": "https://assets.shop.loblaws.ca/products/21126944001/b1/en/front/21126944001_front_a01_@2.png", "Brand": null, "Url": "https://www.maxi.ca/organic-french-beans/p/21126944001_EA", "Sub Category": null, "English Name": "Organic French Beans", "Size": "350 g", "Size Label": "ea"}, {"Category": "Fresh Vegetables", "Aisle": "Fruits & Vegetables", "Sku": "21397958_EA", "Regular Price": "None", "Sale Price": "4.99", "Image": "https://assets.shop.loblaws.ca/products/21397958/b1/en/front/21397958_front_a01_@2.png", "Brand": "The Little Potato Company", "Url": "https://www.maxi.ca/oven-bbq-ready-onion-chive-potatoes/p/21397958_EA", "Sub Category": null, "English Name": "Oven BBQ Ready Onion Chive Potatoes", "Size": "454 g", "Size Label": "ea"}, {"Category": "Fresh Vegetables", "Aisle": "Fruits & Vegetables", "Sku": "20773656001_KG", "Regular Price": "None", "Sale Price": "3.78", "Image": "https://assets.shop.loblaws.ca/products/20773656001/b1/en/front/20773656001_front_a01_@2.png", "Brand": null, "Url": "https://www.maxi.ca/red-cabbage/p/20773656001_KG", "Sub Category": null, "English Name": "Red Cabbage", "Size": "$2.84/1kg $1.29/1lb", "Size Label": "ea"}, {"Category": "Fresh Vegetables", "Aisle": "Fruits & Vegetables", "Sku": "21454569001_EA", "Regular Price": "None", "Sale Price": "4.50", "Image": "https://assets.shop.loblaws.ca/products/21454569001/b1/en/front/21454569001_front_a01_@2.png", "Brand": "President's Choice", "Url": "https://www.maxi.ca/scotch-bonnet-hot-peppers/p/21454569001_EA", "Sub Category": null, "English Name": "Scotch Bonnet Hot Peppers", "Size": "113 g", "Size Label": "ea"}, {"Category": "Fresh Vegetables", "Aisle": "Fruits & Vegetables", "Sku": "20686129001_KG", "Regular Price": "None", "Sale Price": "2.42", "Image": "https://assets.shop.loblaws.ca/products/20686129001/b1/en/front/20686129001_front_a01_@2.png", "Brand": null, "Url": "https://www.maxi.ca/chinese-bitter-melon/p/20686129001_KG", "Sub Category": null, "English Name": "Chinese Bitter Melon", "Size": "$11.00/1kg $4.99/1lb", "Size Label": "ea"}, {"Category": "Fresh Vegetables", "Aisle": "Fruits & Vegetables", "Sku": "20755816_EA", "Regular Price": "None", "Sale Price": "4.99", "Image": "https://assets.shop.loblaws.ca/products/20755816/b1/en/front/20755816_front_a01_@2.png", "Brand": "President's Choice", "Url": "https://www.maxi.ca/sliced-portobello-mushrooms/p/20755816_EA", "Sub Category": null, "English Name": "Sliced Portobello Mushrooms", "Size": "170 g", "Size Label": "ea"}, {"Category": "Fresh Vegetables", "Aisle": "Fruits & Vegetables", "Sku": "21037797_EA", "Regular Price": "None", "Sale Price": "2.99", "Image": "https://assets.shop.loblaws.ca/products/21037797/b1/en/front/21037797_front_a01_@2.png", "Brand": null, "Url": "https://www.maxi.ca/broccoli-sprouts/p/21037797_EA", "Sub Category": null, "English Name": "Broccoli Sprouts", "Size": "75 g", "Size Label": "ea"}, {"Category": "Fresh Vegetables", "Aisle": "Fruits & Vegetables", "Sku": "20100644001_KG", "Regular Price": "None", "Sale Price": "4.13", "Image": "https://assets.shop.loblaws.ca/products/20100644001/b1/en/front/20100644001_front_a01_@2.png", "Brand": null, "Url": "https://www.maxi.ca/organic-acorn-squash/p/20100644001_KG", "Sub Category": null, "English Name": "Organic Acorn Squash", "Size": "$4.39/1kg $1.99/1lb", "Size Label": "ea"}, {"Category": "Fresh Vegetables", "Aisle": "Fruits & Vegetables", "Sku": "21209989001_EA", "Regular Price": "None", "Sale Price": "2.99", "Image": "https://assets.shop.loblaws.ca/products/21209989001/b1/en/front/21209989001_front_a01_@2.png", "Brand": null, "Url": "https://www.maxi.ca/potato-white-russet-small-3lb/p/21209989001_EA", "Sub Category": null, "English Name": "Potato White/Russet Small, 3lb", "Size": "1.36 kg", "Size Label": "ea"}, {"Category": "Fresh Vegetables", "Aisle": "Fruits & Vegetables", "Sku": "21393908_EA", "Regular Price": "None", "Sale Price": "4.99", "Image": "https://assets.shop.loblaws.ca/products/21393908/b1/en/front/21393908_front_a01_@2.png", "Brand": "The Little Potato Company", "Url": "https://www.maxi.ca/microwave-ready-lemon-and-garden-herb-potatoes/p/21393908_EA", "Sub Category": null, "English Name": "Microwave Ready Lemon and Garden Herb Potatoes", "Size": "454 g", "Size Label": "ea"}, {"Category": "Fresh Vegetables", "Aisle": "Fruits & Vegetables", "Sku": "20142055001_KG", "Regular Price": "None", "Sale Price": "2.77", "Image": "https://assets.shop.loblaws.ca/products/20142055001/b1/en/front/20142055001_front_a01_@2.png", "Brand": null, "Url": "https://www.maxi.ca/opo-squash/p/20142055001_KG", "Sub Category": null, "English Name": "Opo Squash", "Size": "$4.39/1kg $1.99/1lb", "Size Label": "ea"}, {"Category": "Fresh Vegetables", "Aisle": "Fruits & Vegetables", "Sku": "20136107001_KG", "Regular Price": "None", "Sale Price": "2.09", "Image": "https://assets.shop.loblaws.ca/products/20136107001/b1/en/front/20136107001_front_a01_@2.png", "Brand": null, "Url": "https://www.maxi.ca/turnips/p/20136107001_KG", "Sub Category": null, "English Name": "Turnips", "Size": "$5.49/1kg $2.49/1lb", "Size Label": "ea"}, {"Category": "Fresh Vegetables", "Aisle": "Fruits & Vegetables", "Sku": "20025548001_KG", "Regular Price": "None", "Sale Price": "1.89", "Image": "https://assets.shop.loblaws.ca/products/20025548001/b1/en/front/20025548001_front_a01_@2.png", "Brand": null, "Url": "https://www.maxi.ca/russet-potato/p/20025548001_KG", "Sub Category": null, "English Name": "Russet Potato", "Size": "$4.39/1kg $1.99/1lb", "Size Label": "ea"}, {"Category": "Fresh Vegetables", "Aisle": "Fruits & Vegetables", "Sku": "20063146001_EA", "Regular Price": "None", "Sale Price": "4.99", "Image": "https://assets.shop.loblaws.ca/products/20063146001/b1/en/front/20063146001_front_a01_@2.png", "Brand": "PC Organics", "Url": "https://www.maxi.ca/organic-russet-potatoes/p/20063146001_EA", "Sub Category": null, "English Name": "Organic Russet Potatoes", "Size": "3 lb bag", "Size Label": "ea"}, {"Category": "Fresh Vegetables", "Aisle": "Fruits & Vegetables", "Sku": "20003351001_EA", "Regular Price": "None", "Sale Price": "5.99", "Image": "https://assets.shop.loblaws.ca/products/20003351001/b1/en/front/20003351001_front_a01_@2.png", "Brand": null, "Url": "https://www.maxi.ca/organic-leeks/p/20003351001_EA", "Sub Category": null, "English Name": "Organic Leeks", "Size": "1 bunch", "Size Label": "ea"}, {"Category": "Fresh Vegetables", "Aisle": "Fruits & Vegetables", "Sku": "21005198_EA", "Regular Price": "None", "Sale Price": "5.99", "Image": "https://assets.shop.loblaws.ca/products/21005198/b1/en/front/21005198_front_a01_@2.png", "Brand": "PC Organics", "Url": "https://www.maxi.ca/sliced-and-whole-bistro-blend-mushrooms/p/21005198_EA", "Sub Category": null, "English Name": "Sliced and Whole Bistro Blend Mushrooms", "Size": "200 g", "Size Label": "ea"}, {"Category": "Fresh Vegetables", "Aisle": "Fruits & Vegetables", "Sku": "20056027001_EA", "Regular Price": "None", "Sale Price": "3.99", "Image": "https://assets.shop.loblaws.ca/products/20056027001/b1/en/front/20056027001_front_a01_@2.png", "Brand": null, "Url": "https://www.maxi.ca/organic-carrots-bunched/p/20056027001_EA", "Sub Category": null, "English Name": "Organic Carrots Bunched", "Size": "1 bunch", "Size Label": "ea"}, {"Category": "Fresh Vegetables", "Aisle": "Fruits & Vegetables", "Sku": "20113382001_KG", "Regular Price": "None", "Sale Price": "0.76", "Image": "https://assets.shop.loblaws.ca/products/20113382001/b1/en/front/20113382001_front_a01_@2.png", "Brand": null, "Url": "https://www.maxi.ca/chinese-okra/p/20113382001_KG", "Sub Category": null, "English Name": "Chinese Okra", "Size": "$5.05/1kg $2.29/1lb", "Size Label": "ea"}, {"Category": "Fresh Vegetables", "Aisle": "Fruits & Vegetables", "Sku": "20149635001_EA", "Regular Price": "None", "Sale Price": "3.99", "Image": "https://assets.shop.loblaws.ca/products/20149635001/b1/en/front/20149635001_front_a01_@2.png", "Brand": "PC Organics", "Url": "https://www.maxi.ca/organic-broccoli/p/20149635001_EA", "Sub Category": null, "English Name": "Organic Broccoli", "Size": "1 ea", "Size Label": "ea"}, {"Category": "Fresh Vegetables", "Aisle": "Fruits & Vegetables", "Sku": "20702473001_EA", "Regular Price": "None", "Sale Price": "2.99", "Image": "https://assets.shop.loblaws.ca/products/20702473001/b1/en/front/20702473001_front_a01_@2.png", "Brand": null, "Url": "https://www.maxi.ca/brussels-sprouts/p/20702473001_EA", "Sub Category": null, "English Name": "Brussels Sprouts", "Size": "454 g", "Size Label": "ea"}, {"Category": "Fresh Vegetables", "Aisle": "Fruits & Vegetables", "Sku": "21193227001_EA", "Regular Price": "None", "Sale Price": "5.00", "Image": "https://assets.shop.loblaws.ca/products/21193227001/b1/en/front/21193227001_front_a01_@2.png", "Brand": null, "Url": "https://www.maxi.ca/nantes-carrots/p/21193227001_EA", "Sub Category": null, "English Name": "Nantes Carrots", "Size": "1.5 l", "Size Label": "ea"}, {"Category": "Fresh Vegetables", "Aisle": "Fruits & Vegetables", "Sku": "20867050001_EA", "Regular Price": "None", "Sale Price": "1.49", "Image": "https://assets.shop.loblaws.ca/products/20867050001/b1/en/front/20867050001_front_a01_@2.png", "Brand": null, "Url": "https://www.maxi.ca/drumstick/p/20867050001_EA", "Sub Category": null, "English Name": "Drumstick", "Size": "1 ea", "Size Label": "ea"}, {"Category": "Fresh Vegetables", "Aisle": "Fruits & Vegetables", "Sku": "20154907_EA", "Regular Price": "None", "Sale Price": "3.99", "Image": "https://assets.shop.loblaws.ca/products/20154907/b1/en/front/20154907_front_a01_@2.png", "Brand": null, "Url": "https://www.maxi.ca/broccolini/p/20154907_EA", "Sub Category": null, "English Name": "Broccolini", "Size": "1 bunch", "Size Label": "ea"}, {"Category": "Fresh Vegetables", "Aisle": "Fruits & Vegetables", "Sku": "20899441001_EA", "Regular Price": "None", "Sale Price": "5.99", "Image": "https://assets.shop.loblaws.ca/products/20899441001/b1/en/front/20899441001_front_a01_@2.png", "Brand": null, "Url": "https://www.maxi.ca/endive/p/20899441001_EA", "Sub Category": null, "English Name": "Endive", "Size": "300 g", "Size Label": "ea"}, {"Category": "Fresh Vegetables", "Aisle": "Fruits & Vegetables", "Sku": "20135255_EA", "Regular Price": "None", "Sale Price": "3.50", "Image": "https://assets.shop.loblaws.ca/products/20135255/b1/en/front/20135255_front_a01_@2.png", "Brand": null, "Url": "https://www.maxi.ca/baby-boo-halloween-pumpkins/p/20135255_EA", "Sub Category": null, "English Name": "Baby Boo Halloween Pumpkins", "Size": "6x1.0 ea", "Size Label": "ea"}, {"Category": "Fresh Vegetables", "Aisle": "Fruits & Vegetables", "Sku": "20214401_EA", "Regular Price": "None", "Sale Price": "5.00", "Image": "https://assets.shop.loblaws.ca/products/20214401/b1/en/front/20214401_front_a01_@2.png", "Brand": null, "Url": "https://www.maxi.ca/tiger-halloween-pumpkins-3-pack/p/20214401_EA", "Sub Category": null, "English Name": "Tiger Halloween Pumpkins, 3 Pack", "Size": "1 ea", "Size Label": "ea"}, {"Category": "Fresh Vegetables", "Aisle": "Fruits & Vegetables", "Sku": "20697331001_EA", "Regular Price": "None", "Sale Price": "6.99", "Image": "https://assets.shop.loblaws.ca/products/20697331001/b1/en/front/20697331001_front_a01_@2.png", "Brand": "Farmer's Market", "Url": "https://www.maxi.ca/sweet-potatoes/p/20697331001_EA", "Sub Category": null, "English Name": "Sweet Potatoes", "Size": "5 lb", "Size Label": "ea"}, {"Category": "Fresh Vegetables", "Aisle": "Fruits & Vegetables", "Sku": "20167837001_EA", "Regular Price": "None", "Sale Price": "1.29", "Image": "https://assets.shop.loblaws.ca/products/20167837001/b1/en/front/20167837001_front_a01_@2.png", "Brand": null, "Url": "https://www.maxi.ca/chayote-squash/p/20167837001_EA", "Sub Category": null, "English Name": "Chayote Squash", "Size": "1 ea", "Size Label": "ea"}, {"Category": "Fresh Vegetables", "Aisle": "Fruits & Vegetables", "Sku": "20619353001_EA", "Regular Price": "None", "Sale Price": "2.99", "Image": "https://assets.shop.loblaws.ca/products/20619353001/b1/en/front/20619353001_front_a01_@2.png", "Brand": null, "Url": "https://www.maxi.ca/organic-iceberg-lettuce/p/20619353001_EA", "Sub Category": null, "English Name": "Organic Iceberg Lettuce", "Size": "1 ea", "Size Label": "ea"}, {"Category": "Fresh Vegetables", "Aisle": "Fruits & Vegetables", "Sku": "20095057001_KG", "Regular Price": "None", "Sale Price": "2.27", "Image": "https://assets.shop.loblaws.ca/products/20095057001/b1/en/front/20095057001_front_a01_@2.png", "Brand": null, "Url": "https://www.maxi.ca/bok-choy/p/20095057001_KG", "Sub Category": null, "English Name": "Bok Choy", "Size": "$2.84/1kg $1.29/1lb", "Size Label": "ea"}, {"Category": "Fresh Vegetables", "Aisle": "Fruits & Vegetables", "Sku": "21454762001_EA", "Regular Price": "None", "Sale Price": "4.50", "Image": "https://assets.shop.loblaws.ca/products/21454762001/b1/en/front/21454762001_front_a01_@2.png", "Brand": "President's Choice", "Url": "https://www.maxi.ca/jalapeno-hot-peppers/p/21454762001_EA", "Sub Category": null, "English Name": "Jalapeno Hot Peppers", "Size": "226 g", "Size Label": "ea"}, {"Category": "Fresh Vegetables", "Aisle": "Fruits & Vegetables", "Sku": "20101185001_EA", "Regular Price": "None", "Sale Price": "1.99", "Image": "https://assets.shop.loblaws.ca/products/20101185001/b1/en/front/20101185001_front_a01_@2.png", "Brand": null, "Url": "https://www.maxi.ca/pie-pumpkin/p/20101185001_EA", "Sub Category": null, "English Name": "Pie Pumpkin", "Size": "1 ea", "Size Label": "ea"}, {"Category": "Fresh Vegetables", "Aisle": "Fruits & Vegetables", "Sku": "21461311001_EA", "Regular Price": "None", "Sale Price": "4.99", "Image": "https://assets.shop.loblaws.ca/products/21461311001/b1/en/front/21461311001_front_a01_@2.png", "Brand": null, "Url": "https://www.maxi.ca/shallots/p/21461311001_EA", "Sub Category": null, "English Name": "Shallots", "Size": "750 g", "Size Label": "ea"}, {"Category": "Fresh Vegetables", "Aisle": "Fruits & Vegetables", "Sku": "20142683001_KG", "Regular Price": "None", "Sale Price": "0.33", "Image": "https://assets.shop.loblaws.ca/products/20142683001/b1/en/front/20142683001_front_a01_@2.png", "Brand": null, "Url": "https://www.maxi.ca/green-beans/p/20142683001_KG", "Sub Category": null, "English Name": "Green Beans", "Size": "$0.66/100g $6.59/1kg", "Size Label": "g"}, {"Category": "Fresh Vegetables", "Aisle": "Fruits & Vegetables", "Sku": "20155979_EA", "Regular Price": "None", "Sale Price": "6.99", "Image": "https://assets.shop.loblaws.ca/products/20155979/b1/en/front/20155979_front_a01_@2.png", "Brand": null, "Url": "https://www.maxi.ca/sweet-onions-3lb-bag/p/20155979_EA", "Sub Category": null, "English Name": "Sweet Onions 3lb Bag", "Size": "3 lb bag", "Size Label": "ea"}, {"Category": "Fresh Vegetables", "Aisle": "Fruits & Vegetables", "Sku": "20628932001_EA", "Regular Price": "5.49", "Sale Price": "4.99", "Image": "https://assets.shop.loblaws.ca/products/20628932001/b1/en/front/20628932001_front_a01_@2.png", "Brand": "PC Organics", "Url": "https://www.maxi.ca/organics-baby-cut-carrots/p/20628932001_EA", "Sub Category": null, "English Name": "Organics Baby Cut Carrots", "Size": "2 lb", "Size Label": "ea"}, {"Category": "Fresh Vegetables", "Aisle": "Fruits & Vegetables", "Sku": "20981940001_EA", "Regular Price": "2.49", "Sale Price": "1.99", "Image": "https://assets.shop.loblaws.ca/products/20981940001/b1/en/front/20981940001_front_a01_@2.png", "Brand": null, "Url": "https://www.maxi.ca/bean-sprouts/p/20981940001_EA", "Sub Category": null, "English Name": "Bean Sprouts", "Size": "370 g", "Size Label": "ea"}, {"Category": "Fresh Vegetables", "Aisle": "Fruits & Vegetables", "Sku": "21217711001_EA", "Regular Price": "None", "Sale Price": "2.99", "Image": "https://assets.shop.loblaws.ca/products/21217711001/b1/en/front/21217711001_front_a01_@2.png", "Brand": null, "Url": "https://www.maxi.ca/cherry-tomatoes/p/21217711001_EA", "Sub Category": null, "English Name": "Cherry Tomatoes ", "Size": "150 g", "Size Label": "ea"}, {"Category": "Fresh Vegetables", "Aisle": "Fruits & Vegetables", "Sku": "20080489001_EA", "Regular Price": "None", "Sale Price": "2.49", "Image": "https://assets.shop.loblaws.ca/products/20080489001/b1/en/front/20080489001_front_a01_@2.png", "Brand": null, "Url": "https://www.maxi.ca/organic-english-cucumber/p/20080489001_EA", "Sub Category": null, "English Name": "Organic English Cucumber", "Size": "1 ea", "Size Label": "ea"}, {"Category": "Fresh Vegetables", "Aisle": "Fruits & Vegetables", "Sku": "20175513001_EA", "Regular Price": "None", "Sale Price": "2.79", "Image": "https://assets.shop.loblaws.ca/products/20175513001/b1/en/front/20175513001_front_a01_@2.png", "Brand": null, "Url": "https://www.maxi.ca/radish/p/20175513001_EA", "Sub Category": null, "English Name": "Radish", "Size": "454 g", "Size Label": "ea"}, {"Category": "Fresh Vegetables", "Aisle": "Fruits & Vegetables", "Sku": "21454049001_EA", "Regular Price": "None", "Sale Price": "4.50", "Image": "https://assets.shop.loblaws.ca/products/21454049001/b1/en/front/21454049001_front_a01_@2.png", "Brand": "President's Choice", "Url": "https://www.maxi.ca/green-thai-hot-peppers/p/21454049001_EA", "Sub Category": null, "English Name": "Green Thai Hot Peppers", "Size": "75 g", "Size Label": "ea"}, {"Category": "Fresh Vegetables", "Aisle": "Fruits & Vegetables", "Sku": "20276364001_EA", "Regular Price": "None", "Sale Price": "2.99", "Image": "https://assets.shop.loblaws.ca/products/20276364001/b1/en/front/20276364001_front_a01_@2.png", "Brand": null, "Url": "https://www.maxi.ca/green-swiss-chard/p/20276364001_EA", "Sub Category": null, "English Name": "Green Swiss Chard", "Size": "1 bunch", "Size Label": "ea"}, {"Category": "Fresh Vegetables", "Aisle": "Fruits & Vegetables", "Sku": "20686492001_KG", "Regular Price": "None", "Sale Price": "0.50", "Image": "https://assets.shop.loblaws.ca/products/20686492001/b1/en/front/20686492001_front_a01_@2.png", "Brand": null, "Url": "https://www.maxi.ca/long-beans/p/20686492001_KG", "Sub Category": null, "English Name": "Long Beans", "Size": "$0.99/100g $9.90/1kg", "Size Label": "g"}, {"Category": "Fresh Vegetables", "Aisle": "Fruits & Vegetables", "Sku": "20686142001_KG", "Regular Price": "None", "Sale Price": "2.08", "Image": "https://assets.shop.loblaws.ca/products/20686142001/b1/en/front/20686142001_front_a01_@2.png", "Brand": null, "Url": "https://www.maxi.ca/karela-1pack/p/20686142001_KG", "Sub Category": null, "English Name": "Karela (1Pack)", "Size": "$6.59/1kg $2.99/1lb", "Size Label": "ea"}, {"Category": "Fresh Vegetables", "Aisle": "Fruits & Vegetables", "Sku": "21159809001_EA", "Regular Price": "None", "Sale Price": "4.99", "Image": "https://assets.loblaws.ca/pcx_bronx_fe_assets/images/common/coming-soon-en-web.png", "Brand": null, "Url": "https://www.maxi.ca/organic-brussel-sprouts/p/21159809001_EA", "Sub Category": null, "English Name": "Organic Brussel Sprouts", "Size": "227 g", "Size Label": "ea"}, {"Category": "Fresh Vegetables", "Aisle": "Fruits & Vegetables", "Sku": "21037795_EA", "Regular Price": "None", "Sale Price": "2.99", "Image": "https://assets.shop.loblaws.ca/products/21037795/b1/en/front/21037795_front_a01_@2.png", "Brand": null, "Url": "https://www.maxi.ca/radish-alfalfa-sprouts/p/21037795_EA", "Sub Category": null, "English Name": "Radish Alfalfa Sprouts", "Size": "75 g", "Size Label": "ea"}, {"Category": "Fresh Vegetables", "Aisle": "Fruits & Vegetables", "Sku": "20866958001_EA", "Regular Price": "None", "Sale Price": "2.99", "Image": "https://assets.shop.loblaws.ca/products/20866958001/b1/en/front/20866958001_front_a01_@2.png", "Brand": null, "Url": "https://www.maxi.ca/curry-leaf-1-pack/p/20866958001_EA", "Sub Category": null, "English Name": "Curry Leaf (1 pack)", "Size": "60 g", "Size Label": "ea"}, {"Category": "Fresh Vegetables", "Aisle": "Fruits & Vegetables", "Sku": "20768179001_EA", "Regular Price": "None", "Sale Price": "3.49", "Image": "https://assets.shop.loblaws.ca/products/20768179001/b1/en/front/20768179001_front_a01_@2.png", "Brand": null, "Url": "https://www.maxi.ca/white-pearl-onions/p/20768179001_EA", "Sub Category": null, "English Name": "White Pearl Onions", "Size": "170 g", "Size Label": "ea"}, {"Category": "Fresh Vegetables", "Aisle": "Fruits & Vegetables", "Sku": "20143209001_KG", "Regular Price": "None", "Sale Price": "3.62", "Image": "https://assets.shop.loblaws.ca/products/20143209001/b1/en/front/20143209001_front_a01_@2.png", "Brand": null, "Url": "https://www.maxi.ca/tomatoes-savoura-on-the-vine/p/20143209001_KG", "Sub Category": null, "English Name": "Tomatoes, Savoura On The Vine", "Size": "$6.59/1kg $2.99/1lb", "Size Label": "ea"}, {"Category": "Fresh Vegetables", "Aisle": "Fruits & Vegetables", "Sku": "21454748001_EA", "Regular Price": "None", "Sale Price": "4.50", "Image": "https://assets.shop.loblaws.ca/products/21454748001/b1/en/front/21454748001_front_a01_@2.png", "Brand": "President's Choice", "Url": "https://www.maxi.ca/finger-hot-hot-peppers/p/21454748001_EA", "Sub Category": null, "English Name": "Finger Hot Hot Peppers", "Size": "226 g", "Size Label": "ea"}, {"Category": "Fresh Vegetables", "Aisle": "Fruits & Vegetables", "Sku": "21023581001_EA", "Regular Price": "None", "Sale Price": "2.99", "Image": "https://assets.shop.loblaws.ca/products/21023581001/b1/en/front/21023581001_front_a01_@2.png", "Brand": null, "Url": "https://www.maxi.ca/snap-peas/p/21023581001_EA", "Sub Category": null, "English Name": "Snap Peas", "Size": "200 g", "Size Label": "ea"}, {"Category": "Fresh Vegetables", "Aisle": "Fruits & Vegetables", "Sku": "20889400001_EA", "Regular Price": "None", "Sale Price": "5.99", "Image": "https://assets.shop.loblaws.ca/products/20889400001/b1/en/front/20889400001_front_a01_@2.png", "Brand": null, "Url": "https://www.maxi.ca/peppers-mini/p/20889400001_EA", "Sub Category": null, "English Name": "Peppers, Mini", "Size": "454 g", "Size Label": "ea"}, {"Category": "Fresh Vegetables", "Aisle": "Fruits & Vegetables", "Sku": "20914334001_EA", "Regular Price": "None", "Sale Price": "5.00", "Image": "https://assets.shop.loblaws.ca/products/20914334001/b1/en/front/20914334001_front_a01_@2.png", "Brand": null, "Url": "https://www.maxi.ca/savoura-cocktail-tomatoes/p/20914334001_EA", "Sub Category": null, "English Name": "Savoura Cocktail Tomatoes", "Size": "454 g", "Size Label": "ea"}, {"Category": "Fresh Vegetables", "Aisle": "Fruits & Vegetables", "Sku": "20347167001_KG", "Regular Price": "None", "Sale Price": "16.46", "Image": "https://assets.shop.loblaws.ca/products/20347167001/b1/en/front/20347167001_front_a01_@2.png", "Brand": null, "Url": "https://www.maxi.ca/taro-root-medium/p/20347167001_KG", "Sub Category": null, "English Name": "Taro Root, Medium", "Size": "$12.10/1kg $5.49/1lb", "Size Label": "ea"}, {"Category": "Fresh Vegetables", "Aisle": "Fruits & Vegetables", "Sku": "20305726001_EA", "Regular Price": "None", "Sale Price": "2.49", "Image": "https://assets.shop.loblaws.ca/products/20305726001/b1/en/front/20305726001_front_a01_@2.png", "Brand": null, "Url": "https://www.maxi.ca/red-leaf-lettuce/p/20305726001_EA", "Sub Category": null, "English Name": "Red Leaf Lettuce", "Size": "1 ea", "Size Label": "ea"}, {"Category": "Fresh Vegetables", "Aisle": "Fruits & Vegetables", "Sku": "20969990001_EA", "Regular Price": "None", "Sale Price": "3.49", "Image": "https://assets.shop.loblaws.ca/products/20969990001/b1/en/front/20969990001_front_a01_@2.png", "Brand": "No Name", "Url": "https://www.maxi.ca/naturally-imperfect-green-peppers-2-5lb-bag/p/20969990001_EA", "Sub Category": null, "English Name": "Naturally Imperfect Green Peppers 2.5lb Bag", "Size": "1130 g", "Size Label": "ea"}, {"Category": "Fresh Vegetables", "Aisle": "Fruits & Vegetables", "Sku": "20636099_EA", "Regular Price": "None", "Sale Price": "2.99", "Image": "https://assets.shop.loblaws.ca/products/20636099/b1/en/front/20636099_front_a01_@2.png", "Brand": null, "Url": "https://www.maxi.ca/garlic-peeled/p/20636099_EA", "Sub Category": null, "English Name": "Garlic, Peeled", "Size": "250 g", "Size Label": "ea"}, {"Category": "Fresh Vegetables", "Aisle": "Fruits & Vegetables", "Sku": "20062963_EA", "Regular Price": "None", "Sale Price": "5.00", "Image": "https://assets.shop.loblaws.ca/products/20062963/b1/en/front/20062963_front_a01_@2.png", "Brand": null, "Url": "https://www.maxi.ca/campari-tomatoes-1lb/p/20062963_EA", "Sub Category": null, "English Name": "Campari Tomatoes 1lb", "Size": "454 g", "Size Label": "ea"}, {"Category": "Fresh Vegetables", "Aisle": "Fruits & Vegetables", "Sku": "21023553001_EA", "Regular Price": "None", "Sale Price": "2.99", "Image": "https://assets.shop.loblaws.ca/products/21023553001/b1/en/front/21023553001_front_a01_@2.png", "Brand": null, "Url": "https://www.maxi.ca/snow-peas/p/21023553001_EA", "Sub Category": null, "English Name": "Snow Peas", "Size": "200 g", "Size Label": "ea"}, {"Category": "Fresh Vegetables", "Aisle": "Fruits & Vegetables", "Sku": "20174607001_EA", "Regular Price": "None", "Sale Price": "4.49", "Image": "https://assets.shop.loblaws.ca/products/20174607001/b1/en/front/20174607001_front_a01_@2.png", "Brand": null, "Url": "https://www.maxi.ca/red-beets-bunched/p/20174607001_EA", "Sub Category": null, "English Name": "Red Beets, Bunched", "Size": "1 bunch", "Size Label": "ea"}, {"Category": "Fresh Vegetables", "Aisle": "Fruits & Vegetables", "Sku": "20710542001_KG", "Regular Price": "None", "Sale Price": "4.10", "Image": "https://assets.shop.loblaws.ca/products/20710542001/b1/en/front/20710542001_front_a01_@2.png", "Brand": null, "Url": "https://www.maxi.ca/indian-okra/p/20710542001_KG", "Sub Category": null, "English Name": "Indian Okra", "Size": "$13.21/1kg $5.99/1lb", "Size Label": "ea"}, {"Category": "Fresh Vegetables", "Aisle": "Fruits & Vegetables", "Sku": "20043212001_KG", "Regular Price": "None", "Sale Price": "1.30", "Image": "https://assets.shop.loblaws.ca/products/20043212001/b1/en/front/20043212001_front_a01_@2.png", "Brand": null, "Url": "https://www.maxi.ca/spanish-onion/p/20043212001_KG", "Sub Category": null, "English Name": "Spanish Onion", "Size": "$1.79/1lb $3.95/1kg", "Size Label": "ea"}, {"Category": "Fresh Vegetables", "Aisle": "Fruits & Vegetables", "Sku": "20022168001_EA", "Regular Price": "None", "Sale Price": "2.49", "Image": "https://assets.shop.loblaws.ca/products/20022168001/b1/en/front/20022168001_front_a01_@2.png", "Brand": null, "Url": "https://www.maxi.ca/artichokes-large/p/20022168001_EA", "Sub Category": null, "English Name": "Artichokes, Large", "Size": "1 ea", "Size Label": "ea"}, {"Category": "Fresh Vegetables", "Aisle": "Fruits & Vegetables", "Sku": "20690699001_EA", "Regular Price": "None", "Sale Price": "5.00", "Image": "https://assets.shop.loblaws.ca/products/20690699001/b1/en/front/20690699001_front_a01_@2.png", "Brand": "PC Organics", "Url": "https://www.maxi.ca/organic-peppers/p/20690699001_EA", "Sub Category": null, "English Name": "Organic Peppers", "Size": "2 pack", "Size Label": "ea"}, {"Category": "Fresh Vegetables", "Aisle": "Fruits & Vegetables", "Sku": "20603423001_EA", "Regular Price": "None", "Sale Price": "1.69", "Image": "https://assets.shop.loblaws.ca/products/20603423001/b1/en/front/20603423001_front_a01_@2.png", "Brand": "PC Organics", "Url": "https://www.maxi.ca/organic-green-onions/p/20603423001_EA", "Sub Category": null, "English Name": "Organic Green Onions", "Size": "1 bunch", "Size Label": "ea"}, {"Category": "Fresh Vegetables", "Aisle": "Fruits & Vegetables", "Sku": "20087682001_KG", "Regular Price": "None", "Sale Price": "2.69", "Image": "https://assets.shop.loblaws.ca/products/20087682001/b1/en/front/20087682001_front_a01_@2.png", "Brand": null, "Url": "https://www.maxi.ca/cassava/p/20087682001_KG", "Sub Category": null, "English Name": "Cassava", "Size": "$1.79/1lb $3.95/1kg", "Size Label": "ea"}, {"Category": "Fresh Vegetables", "Aisle": "Fruits & Vegetables", "Sku": "20027651001_EA", "Regular Price": "None", "Sale Price": "0.99", "Image": "https://assets.shop.loblaws.ca/products/20027651001/b1/en/front/20027651001_front_a01_@2.png", "Brand": null, "Url": "https://www.maxi.ca/field-cucumbers/p/20027651001_EA", "Sub Category": null, "English Name": "Field Cucumbers", "Size": "1 ea", "Size Label": "ea"}, {"Category": "Fresh Vegetables", "Aisle": "Fruits & Vegetables", "Sku": "20600999001_EA", "Regular Price": "None", "Sale Price": "4.99", "Image": "https://assets.shop.loblaws.ca/products/20600999001/b1/en/front/20600999001_front_a01_@2.png", "Brand": "President's Choice", "Url": "https://www.maxi.ca/red-potatoes/p/20600999001_EA", "Sub Category": null, "English Name": "Red Potatoes", "Size": "5 lb bag", "Size Label": "ea"}, {"Category": "Fresh Vegetables", "Aisle": "Fruits & Vegetables", "Sku": "21209710001_EA", "Regular Price": "None", "Sale Price": "3.49", "Image": "https://assets.shop.loblaws.ca/products/21209710001/b1/en/front/21209710001_front_a01_@2.png", "Brand": null, "Url": "https://www.maxi.ca/fingerling-potato/p/21209710001_EA", "Sub Category": null, "English Name": "Fingerling Potato", "Size": "1 ea", "Size Label": "ea"}, {"Category": "Fresh Vegetables", "Aisle": "Fruits & Vegetables", "Sku": "20601013001_EA", "Regular Price": "6.99", "Sale Price": "4.99", "Image": "https://assets.shop.loblaws.ca/products/20601013001/b1/en/front/20601013001_front_a01_@2.png", "Brand": "Farmer's Market", "Url": "https://www.maxi.ca/red-potatoes-10lb-bag/p/20601013001_EA", "Sub Category": null, "English Name": "Red Potatoes 10lb Bag", "Size": "10 lb bag", "Size Label": "ea"}, {"Category": "Fresh Vegetables", "Aisle": "Fruits & Vegetables", "Sku": "21454333001_EA", "Regular Price": "None", "Sale Price": "4.50", "Image": "https://assets.shop.loblaws.ca/products/21454333001/b1/en/front/21454333001_front_a01_@2.png", "Brand": "President's Choice", "Url": "https://www.maxi.ca/pencil-hot-hot-peppers/p/21454333001_EA", "Sub Category": null, "English Name": "Pencil Hot Hot Peppers", "Size": "80 g", "Size Label": "ea"}, {"Category": "Fresh Vegetables", "Aisle": "Fruits & Vegetables", "Sku": "20049810001_KG", "Regular Price": "None", "Sale Price": "1.68", "Image": "https://assets.shop.loblaws.ca/products/20049810001/b1/en/front/20049810001_front_a01_@2.png", "Brand": null, "Url": "https://www.maxi.ca/cubanelle-peppers/p/20049810001_KG", "Sub Category": null, "English Name": "Cubanelle Peppers", "Size": "$4.49/1lb $9.90/1kg", "Size Label": "ea"}, {"Category": "Fresh Vegetables", "Aisle": "Fruits & Vegetables", "Sku": "20717130001_EA", "Regular Price": "None", "Sale Price": "4.49", "Image": "https://assets.shop.loblaws.ca/products/20717130001/b1/en/front/20717130001_front_a01_@2.png", "Brand": "PC Organics", "Url": "https://www.maxi.ca/organic-garlic/p/20717130001_EA", "Sub Category": null, "English Name": "Organic Garlic", "Size": "115 g", "Size Label": "ea"}, {"Category": "Fresh Vegetables", "Aisle": "Fruits & Vegetables", "Sku": "20185409_EA", "Regular Price": "None", "Sale Price": "2.99", "Image": "https://assets.shop.loblaws.ca/products/20185409/b1/en/front/20185409_front_a01_@2.png", "Brand": "PC Organics", "Url": "https://www.maxi.ca/organic-mini-carrots-1lb-bag/p/20185409_EA", "Sub Category": null, "English Name": "Organic Mini Carrots 1lb Bag", "Size": "1 lb bag", "Size Label": "ea"}, {"Category": "Fresh Vegetables", "Aisle": "Fruits & Vegetables", "Sku": "20091263001_KG", "Regular Price": "None", "Sale Price": "0.88", "Image": "https://assets.shop.loblaws.ca/products/20091263001/b1/en/front/20091263001_front_a01_@2.png", "Brand": null, "Url": "https://www.maxi.ca/okra/p/20091263001_KG", "Sub Category": null, "English Name": "Okra", "Size": "$3.99/1lb $8.80/1kg", "Size Label": "g"}, {"Category": "Fresh Vegetables", "Aisle": "Fruits & Vegetables", "Sku": "20599776001_EA", "Regular Price": "None", "Sale Price": "4.99", "Image": "https://assets.shop.loblaws.ca/products/20599776001/b1/en/front/20599776001_front_a01_@2.png", "Brand": "PC Organics", "Url": "https://www.maxi.ca/romaine-lettuce-hearts/p/20599776001_EA", "Sub Category": null, "English Name": "Romaine Lettuce Hearts", "Size": "3 ea", "Size Label": "ea"}, {"Category": "Fresh Vegetables", "Aisle": "Fruits & Vegetables", "Sku": "20167477001_EA", "Regular Price": "None", "Sale Price": "5.49", "Image": "https://assets.shop.loblaws.ca/products/20167477001/b1/en/front/20167477001_front_a01_@2.png", "Brand": null, "Url": "https://www.maxi.ca/parsley-root/p/20167477001_EA", "Sub Category": null, "English Name": "Parsley Root", "Size": "1 bunch", "Size Label": "ea"}, {"Category": "Fresh Vegetables", "Aisle": "Fruits & Vegetables", "Sku": "20003346001_EA", "Regular Price": "None", "Sale Price": "3.99", "Image": "https://assets.shop.loblaws.ca/products/20003346001/b1/en/front/20003346001_front_a01_@2.png", "Brand": null, "Url": "https://www.maxi.ca/fennel/p/20003346001_EA", "Sub Category": null, "English Name": "Fennel", "Size": "1 ea", "Size Label": "ea"}, {"Category": "Fresh Vegetables", "Aisle": "Fruits & Vegetables", "Sku": "20863447001_KG", "Regular Price": "None", "Sale Price": "4.32", "Image": "https://assets.shop.loblaws.ca/products/20863447001/b1/en/front/20863447001_front_a01_@2.png", "Brand": null, "Url": "https://www.maxi.ca/turmeric/p/20863447001_KG", "Sub Category": null, "English Name": "Turmeric", "Size": "$13.99/1lb $30.84/1kg", "Size Label": "ea"}, {"Category": "Fresh Vegetables", "Aisle": "Fruits & Vegetables", "Sku": "21468504_EA", "Regular Price": "None", "Sale Price": "4.99", "Image": "https://assets.shop.loblaws.ca/products/21468504/b1/en/front/21468504_front_a01_@2.png", "Brand": null, "Url": "https://www.maxi.ca/potatoes-french-fries/p/21468504_EA", "Sub Category": null, "English Name": "Potatoes French Fries", "Size": "2.27 kg", "Size Label": "ea"}, {"Category": "Fresh Vegetables", "Aisle": "Fruits & Vegetables", "Sku": "20125182001_KG", "Regular Price": "None", "Sale Price": "5.04", "Image": "https://assets.shop.loblaws.ca/products/20125182001/b1/en/front/20125182001_front_a01_@2.png", "Brand": null, "Url": "https://www.maxi.ca/organic-green-cabbage/p/20125182001_KG", "Sub Category": null, "English Name": "Organic Green Cabbage", "Size": "$1.31/1lb $2.88/1kg", "Size Label": "ea"}, {"Category": "Fresh Vegetables", "Aisle": "Fruits & Vegetables", "Sku": "20526871001_KG", "Regular Price": "None", "Sale Price": "7.86", "Image": "https://assets.shop.loblaws.ca/products/20526871001/b1/en/front/20526871001_front_a01_@2.png", "Brand": null, "Url": "https://www.maxi.ca/organic-spaghetti-squash/p/20526871001_KG", "Sub Category": null, "English Name": "Organic Spaghetti Squash", "Size": "$4.39/1kg $1.99/1lb", "Size Label": "ea"}, {"Category": "Fresh Vegetables", "Aisle": "Fruits & Vegetables", "Sku": "20006556_EA", "Regular Price": "None", "Sale Price": "6.00", "Image": "https://assets.shop.loblaws.ca/products/20006556/b1/en/front/20006556_front_a01_@2.png", "Brand": null, "Url": "https://www.maxi.ca/tomato-field-basket/p/20006556_EA", "Sub Category": null, "English Name": "Tomato Field Basket", "Size": "3 l", "Size Label": "ea"}, {"Category": "Fresh Vegetables", "Aisle": "Fruits & Vegetables", "Sku": "20146539_EA", "Regular Price": "None", "Sale Price": "4.99", "Image": "https://assets.shop.loblaws.ca/products/20146539/b1/en/front/20146539_front_a01_@2.png", "Brand": null, "Url": "https://www.maxi.ca/rutabaga/p/20146539_EA", "Sub Category": null, "English Name": "Rutabaga", "Size": "2.27 kg", "Size Label": "ea"}, {"Category": "Fresh Vegetables", "Aisle": "Fruits & Vegetables", "Sku": "20025066001_KG", "Regular Price": "None", "Sale Price": "1.74", "Image": "https://assets.shop.loblaws.ca/products/20025066001/b1/en/front/20025066001_front_a01_@2.png", "Brand": null, "Url": "https://www.maxi.ca/white-potatoes/p/20025066001_KG", "Sub Category": null, "English Name": "White Potatoes", "Size": "$4.83/1kg $2.19/1lb", "Size Label": "ea"}, {"Category": "Fresh Vegetables", "Aisle": "Fruits & Vegetables", "Sku": "21021565_EA", "Regular Price": "None", "Sale Price": "3.49", "Image": "https://assets.shop.loblaws.ca/products/21021565/b1/en/front/21021565_front_a01_@2.png", "Brand": "PC Organics", "Url": "https://www.maxi.ca/organics-whole-cremini-mushrooms/p/21021565_EA", "Sub Category": null, "English Name": "Organics Whole Cremini Mushrooms", "Size": "227 g", "Size Label": "ea"}, {"Category": "Fresh Vegetables", "Aisle": "Fruits & Vegetables", "Sku": "21285888001_EA", "Regular Price": "None", "Sale Price": "7.00", "Image": "https://assets.shop.loblaws.ca/products/21285888001/b1/en/front/21285888001_front_a01_@2.png", "Brand": "President's Choice", "Url": "https://www.maxi.ca/mixiany-cherry-tomatoes/p/21285888001_EA", "Sub Category": null, "English Name": "Mixiany Cherry Tomatoes", "Size": "680 g", "Size Label": "ea"}, {"Category": "Fresh Vegetables", "Aisle": "Fruits & Vegetables", "Sku": "21450100_EA", "Regular Price": "None", "Sale Price": "4.99", "Image": "https://assets.shop.loblaws.ca/products/21450100/b1/en/front/21450100_front_a01_@2.png", "Brand": "The Little Potato Company", "Url": "https://www.maxi.ca/fresh-creamer-potatoes-roasted-garlic-rosemary-thy/p/21450100_EA", "Sub Category": null, "English Name": "Fresh Creamer Potatoes Roasted Garlic, Rosemary & Thyme", "Size": "454 g", "Size Label": "ea"}, {"Category": "Fresh Vegetables", "Aisle": "Fruits & Vegetables", "Sku": "20851084001_KG", "Regular Price": "None", "Sale Price": "2.42", "Image": "https://assets.shop.loblaws.ca/products/20851084001/b1/en/front/20851084001_front_a01_@2.png", "Brand": null, "Url": "https://www.maxi.ca/chinese-carrots-jumbo/p/20851084001_KG", "Sub Category": null, "English Name": "Chinese Carrots, Jumbo", "Size": "$1.48/1lb $3.26/1kg", "Size Label": "ea"}, {"Category": "Fresh Vegetables", "Aisle": "Fruits & Vegetables", "Sku": "20959122001_KG", "Regular Price": "None", "Sale Price": "3.49", "Image": "https://assets.shop.loblaws.ca/products/20959122001/b1/en/front/20959122001_front_a01_@2.png", "Brand": null, "Url": "https://www.maxi.ca/savoura-red-tomato/p/20959122001_KG", "Sub Category": null, "English Name": "Savoura Red Tomato", "Size": "$6.59/1kg $2.99/1lb", "Size Label": "ea"}, {"Category": "Fresh Vegetables", "Aisle": "Fruits & Vegetables", "Sku": "20047449001_EA", "Regular Price": "None", "Sale Price": "2.99", "Image": "https://assets.shop.loblaws.ca/products/20047449001/b1/en/front/20047449001_front_a01_@2.png", "Brand": null, "Url": "https://www.maxi.ca/carrots-bunched/p/20047449001_EA", "Sub Category": null, "English Name": "Carrots, Bunched", "Size": "1 bunch", "Size Label": "ea"}, {"Category": "Fresh Vegetables", "Aisle": "Fruits & Vegetables", "Sku": "21291599001_KG", "Regular Price": "None", "Sale Price": "2.77", "Image": "https://assets.shop.loblaws.ca/products/21291599001/b1/en/front/21291599001_front_a01_@2.png", "Brand": null, "Url": "https://www.maxi.ca/savoy-cabbage/p/21291599001_KG", "Sub Category": null, "English Name": "Savoy Cabbage", "Size": "$2.84/1kg", "Size Label": "ea"}, {"Category": "Fresh Vegetables", "Aisle": "Fruits & Vegetables", "Sku": "20171965001_EA", "Regular Price": "None", "Sale Price": "9.99", "Image": "https://assets.shop.loblaws.ca/products/20171965001/b1/en/front/20171965001_front_a01_@2.png", "Brand": "Farmer's Market", "Url": "https://www.maxi.ca/red-onions/p/20171965001_EA", "Sub Category": null, "English Name": "Red Onions", "Size": "10 lb bag", "Size Label": "ea"}, {"Category": "Fresh Vegetables", "Aisle": "Fruits & Vegetables", "Sku": "20937529_EA", "Regular Price": "None", "Sale Price": "5.00", "Image": "https://assets.shop.loblaws.ca/products/20937529/b1/en/front/20937529_front_a01_@2.png", "Brand": "No Name", "Url": "https://www.maxi.ca/naturally-imperfect-white-mushrooms/p/20937529_EA", "Sub Category": null, "English Name": "Naturally Imperfect White Mushrooms", "Size": "680 g", "Size Label": "ea"}, {"Category": "Fresh Vegetables", "Aisle": "Fruits & Vegetables", "Sku": "20811362001_EA", "Regular Price": "None", "Sale Price": "4.99", "Image": "https://assets.shop.loblaws.ca/products/20811362001/b1/en/front/20811362001_front_a01_@2.png", "Brand": "Farmer's Market", "Url": "https://www.maxi.ca/red-onions/p/20811362001_EA", "Sub Category": null, "English Name": "Red Onions", "Size": "3 lb bag", "Size Label": "ea"}, {"Category": "Fresh Vegetables", "Aisle": "Fruits & Vegetables", "Sku": "20761372_EA", "Regular Price": "None", "Sale Price": "5.00", "Image": "https://assets.shop.loblaws.ca/products/20761372/b1/en/front/20761372_front_a01_@2.png", "Brand": "President's Choice", "Url": "https://www.maxi.ca/whole-cremini-mushrooms/p/20761372_EA", "Sub Category": null, "English Name": "Whole Cremini Mushrooms", "Size": "454 g", "Size Label": "ea"}, {"Category": "Fresh Vegetables", "Aisle": "Fruits & Vegetables", "Sku": "20048070001_EA", "Regular Price": "None", "Sale Price": "4.49", "Image": "https://assets.shop.loblaws.ca/products/20048070001/b1/en/front/20048070001_front_a01_@2.png", "Brand": null, "Url": "https://www.maxi.ca/rapini/p/20048070001_EA", "Sub Category": null, "English Name": "Rapini", "Size": "1 bunch", "Size Label": "ea"}, {"Category": "Fresh Vegetables", "Aisle": "Fruits & Vegetables", "Sku": "20015025001_KG", "Regular Price": "None", "Sale Price": "3.18", "Image": "https://assets.shop.loblaws.ca/products/20015025001/b1/en/front/20015025001_front_a01_@2.png", "Brand": null, "Url": "https://www.maxi.ca/chinese-napa-cabbage/p/20015025001_KG", "Sub Category": null, "English Name": "Chinese Napa Cabbage", "Size": "$2.84/1kg $1.29/1lb", "Size Label": "ea"}, {"Category": "Fresh Vegetables", "Aisle": "Fruits & Vegetables", "Sku": "21005376_EA", "Regular Price": "None", "Sale Price": "3.88", "Image": "https://assets.shop.loblaws.ca/products/21005376/b1/en/front/21005376_front_a01_@2.png", "Brand": "PC Organics", "Url": "https://www.maxi.ca/organic-enoki-mushrooms/p/21005376_EA", "Sub Category": null, "English Name": "Organic Enoki Mushrooms", "Size": "150 g", "Size Label": "ea"}, {"Category": "Fresh Vegetables", "Aisle": "Fruits & Vegetables", "Sku": "20155709001_KG", "Regular Price": "None", "Sale Price": "3.76", "Image": "https://assets.shop.loblaws.ca/products/20155709001/b1/en/front/20155709001_front_a01_@2.png", "Brand": null, "Url": "https://www.maxi.ca/purple-eggplants/p/20155709001_KG", "Sub Category": null, "English Name": "Purple Eggplants", "Size": "$6.59/1kg $2.99/1lb", "Size Label": "ea"}, {"Category": "Fresh Vegetables", "Aisle": "Fruits & Vegetables", "Sku": "20753132_EA", "Regular Price": "None", "Sale Price": "5.99", "Image": "https://assets.shop.loblaws.ca/products/20753132/b1/en/front/20753132_front_a01_@2.png", "Brand": "President's Choice", "Url": "https://www.maxi.ca/portobello-mushroom-caps/p/20753132_EA", "Sub Category": null, "English Name": "Portobello Mushroom Caps", "Size": "4 pack", "Size Label": "ea"}, {"Category": "Fresh Vegetables", "Aisle": "Fruits & Vegetables", "Sku": "20779176001_EA", "Regular Price": "None", "Sale Price": "5.00", "Image": "https://assets.shop.loblaws.ca/products/20779176001/b1/en/front/20779176001_front_a01_@2.png", "Brand": "President's Choice", "Url": "https://www.maxi.ca/cocktail-tomatoes/p/20779176001_EA", "Sub Category": null, "English Name": "Cocktail Tomatoes", "Size": "340 g", "Size Label": "ea"}, {"Category": "Fresh Vegetables", "Aisle": "Fruits & Vegetables", "Sku": "20164563001_KG", "Regular Price": "None", "Sale Price": "5.58", "Image": "https://assets.shop.loblaws.ca/products/20164563001/b1/en/front/20164563001_front_a01_@2.png", "Brand": null, "Url": "https://www.maxi.ca/rutabaga/p/20164563001_KG", "Sub Category": null, "English Name": "Rutabaga", "Size": "$3.51/1kg $1.59/1lb", "Size Label": "ea"}, {"Category": "Fresh Vegetables", "Aisle": "Fruits & Vegetables", "Sku": "21102204001_EA", "Regular Price": "None", "Sale Price": "3.49", "Image": "https://assets.shop.loblaws.ca/products/21102204001/b1/en/front/21102204001_front_a01_@2.png", "Brand": "PC Organics", "Url": "https://www.maxi.ca/organic-ginger/p/21102204001_EA", "Sub Category": null, "English Name": "Organic Ginger", "Size": "160 g", "Size Label": "ea"}, {"Category": "Fresh Vegetables", "Aisle": "Fruits & Vegetables", "Sku": "20169868001_KG", "Regular Price": "None", "Sale Price": "1.57", "Image": "https://assets.shop.loblaws.ca/products/20169868001/b1/en/front/20169868001_front_a01_@2.png", "Brand": null, "Url": "https://www.maxi.ca/caribbean-sweet-potatoes/p/20169868001_KG", "Sub Category": null, "English Name": "Caribbean Sweet Potatoes", "Size": "$5.05/1kg $2.29/1lb", "Size Label": "ea"}, {"Category": "Fresh Vegetables", "Aisle": "Fruits & Vegetables", "Sku": "21095252001_EA", "Regular Price": "None", "Sale Price": "4.99", "Image": "https://assets.shop.loblaws.ca/products/21095252001/b1/en/front/21095252001_front_a01_@2.png", "Brand": null, "Url": "https://www.maxi.ca/organic-beet-bunch/p/21095252001_EA", "Sub Category": null, "English Name": "Organic Beet Bunch", "Size": "699 g", "Size Label": "ea"}, {"Category": "Fresh Vegetables", "Aisle": "Fruits & Vegetables", "Sku": "20866469001_KG", "Regular Price": "None", "Sale Price": "1.74", "Image": "https://assets.shop.loblaws.ca/products/20866469001/b1/en/front/20866469001_front_a01_@2.png", "Brand": null, "Url": "https://www.maxi.ca/jamaican-aloe/p/20866469001_KG", "Sub Category": null, "English Name": "Jamaican Aloe", "Size": "$1.49/1lb $3.28/1kg", "Size Label": "ea"}, {"Category": "Fresh Vegetables", "Aisle": "Fruits & Vegetables", "Sku": "20325274001_KG", "Regular Price": "8.84", "Sale Price": "5.28", "Image": "https://assets.shop.loblaws.ca/products/20325274001/b1/en/front/20325274001_front_a01_@2.png", "Brand": null, "Url": "https://www.maxi.ca/butternut-squash/p/20325274001_KG", "Sub Category": null, "English Name": "Butternut Squash", "Size": "$1.49/1lb $3.28/1kg", "Size Label": "ea"}, {"Category": "Fresh Vegetables", "Aisle": "Fruits & Vegetables", "Sku": "20600995001_EA", "Regular Price": "None", "Sale Price": "4.99", "Image": "https://assets.shop.loblaws.ca/products/20600995001/b1/en/front/20600995001_front_a01_@2.png", "Brand": "President's Choice", "Url": "https://www.maxi.ca/white-potatoes/p/20600995001_EA", "Sub Category": null, "English Name": "White Potatoes", "Size": "5 lb bag", "Size Label": "ea"}, {"Category": "Fresh Vegetables", "Aisle": "Fruits & Vegetables", "Sku": "20053421_EA", "Regular Price": "None", "Sale Price": "3.99", "Image": "https://assets.shop.loblaws.ca/products/20053421/b1/en/front/20053421_front_a01_@2.png", "Brand": "PC Organics", "Url": "https://www.maxi.ca/organic-carrots/p/20053421_EA", "Sub Category": null, "English Name": "Organic Carrots", "Size": "2 lb bag", "Size Label": "ea"}, {"Category": "Fresh Vegetables", "Aisle": "Fruits & Vegetables", "Sku": "21209715001_EA", "Regular Price": "None", "Sale Price": "3.49", "Image": "https://assets.shop.loblaws.ca/products/21209715001/b1/en/front/21209715001_front_a01_@2.png", "Brand": null, "Url": "https://www.maxi.ca/fingerling-potato/p/21209715001_EA", "Sub Category": null, "English Name": "Fingerling Potato", "Size": "1 ea", "Size Label": "ea"}, {"Category": "Fresh Vegetables", "Aisle": "Fruits & Vegetables", "Sku": "20686400001_KG", "Regular Price": "None", "Sale Price": "3.70", "Image": "https://assets.shop.loblaws.ca/products/20686400001/b1/en/front/20686400001_front_a01_@2.png", "Brand": null, "Url": "https://www.maxi.ca/baby-eggplants-1-pack/p/20686400001_KG", "Sub Category": null, "English Name": "Baby Eggplants (1 pack)", "Size": "$3.99/1lb $8.80/1kg", "Size Label": "ea"}, {"Category": "Fresh Vegetables", "Aisle": "Fruits & Vegetables", "Sku": "20178532001_KG", "Regular Price": "None", "Sale Price": "1.39", "Image": "https://assets.shop.loblaws.ca/products/20178532001/b1/en/front/20178532001_front_a01_@2.png", "Brand": null, "Url": "https://www.maxi.ca/kohlrabi/p/20178532001_KG", "Sub Category": null, "English Name": "Kohlrabi", "Size": "$2.84/1kg $1.29/1lb", "Size Label": "ea"}, {"Category": "Fresh Vegetables", "Aisle": "Fruits & Vegetables", "Sku": "20038258001_KG", "Regular Price": "None", "Sale Price": "4.16", "Image": "https://assets.shop.loblaws.ca/products/20038258001/b1/en/front/20038258001_front_a01_@2.png", "Brand": null, "Url": "https://www.maxi.ca/celery-root/p/20038258001_KG", "Sub Category": null, "English Name": "Celery Root", "Size": "$5.49/1kg $2.49/1lb", "Size Label": "ea"}, {"Category": "Fresh Vegetables", "Aisle": "Fruits & Vegetables", "Sku": "21037794_EA", "Regular Price": "None", "Sale Price": "2.99", "Image": "https://assets.shop.loblaws.ca/products/21037794/b1/en/front/21037794_front_a01_@2.png", "Brand": null, "Url": "https://www.maxi.ca/alfalfa-sprouts/p/21037794_EA", "Sub Category": null, "English Name": "Alfalfa Sprouts", "Size": "75 g", "Size Label": "ea"}, {"Category": "Fresh Vegetables", "Aisle": "Fruits & Vegetables", "Sku": "20544318_EA", "Regular Price": "None", "Sale Price": "4.19", "Image": "https://assets.shop.loblaws.ca/products/20544318/b1/en/front/20544318_front_a01_@2.png", "Brand": null, "Url": "https://www.maxi.ca/microwave-ready-garlic-parsley-potatoes/p/20544318_EA", "Sub Category": null, "English Name": "Microwave Ready Garlic Parsley Potatoes", "Size": "1 lb bag", "Size Label": "ea"}, {"Category": "Fresh Vegetables", "Aisle": "Fruits & Vegetables", "Sku": "20106716001_KG", "Regular Price": "None", "Sale Price": "1.65", "Image": "https://assets.shop.loblaws.ca/products/20106716001/b1/en/front/20106716001_front_a01_@2.png", "Brand": null, "Url": "https://www.maxi.ca/yellow-potatoes/p/20106716001_KG", "Sub Category": null, "English Name": "Yellow Potatoes", "Size": "$5.49/1kg $2.49/1lb", "Size Label": "ea"}, {"Category": "Fresh Vegetables", "Aisle": "Fruits & Vegetables", "Sku": "21217074_EA", "Regular Price": "None", "Sale Price": "3.99", "Image": "https://assets.shop.loblaws.ca/products/21217074/b1/en/front/21217074_front_a01_@2.png", "Brand": null, "Url": "https://www.maxi.ca/mirabel-fleur-de-mirabel-duo/p/21217074_EA", "Sub Category": null, "English Name": "Mirabel Fleur De Mirabel Duo", "Size": "0.18 kg", "Size Label": "ea"}, {"Category": "Fresh Vegetables", "Aisle": "Fruits & Vegetables", "Sku": "20051060001_KG", "Regular Price": "None", "Sale Price": "6.23", "Image": "https://assets.shop.loblaws.ca/products/20051060001/b1/en/front/20051060001_front_a01_@2.png", "Brand": null, "Url": "https://www.maxi.ca/organic-butternut-squash/p/20051060001_KG", "Sub Category": null, "English Name": "Organic Butternut Squash", "Size": "$4.39/1kg $1.99/1lb", "Size Label": "ea"}, {"Category": "Fresh Vegetables", "Aisle": "Fruits & Vegetables", "Sku": "21400126_EA", "Regular Price": "None", "Sale Price": "4.99", "Image": "https://assets.shop.loblaws.ca/products/21400126/b1/en/front/21400126_front_a01_@2.png", "Brand": "The Little Potato Company", "Url": "https://www.maxi.ca/microwave-ready-garlic-parsley-potatoes/p/21400126_EA", "Sub Category": null, "English Name": "Microwave Ready Garlic Parsley Potatoes", "Size": "454 g", "Size Label": "ea"}, {"Category": "Fresh Vegetables", "Aisle": "Fruits & Vegetables", "Sku": "20887498001_EA", "Regular Price": "None", "Sale Price": "7.00", "Image": "https://assets.shop.loblaws.ca/products/20887498001/b1/en/front/20887498001_front_a01_@2.png", "Brand": "Farmer's Market", "Url": "https://www.maxi.ca/roma-tomatoes/p/20887498001_EA", "Sub Category": null, "English Name": "Roma Tomatoes", "Size": "1 ea", "Size Label": "ea"}, {"Category": "Fresh Vegetables", "Aisle": "Fruits & Vegetables", "Sku": "21202236001_EA", "Regular Price": "None", "Sale Price": "3.48", "Image": "https://assets.shop.loblaws.ca/products/21202236001/b1/en/front/21202236001_front_a01_@2.png", "Brand": null, "Url": "https://www.maxi.ca/bok-choy-tips/p/21202236001_EA", "Sub Category": null, "English Name": "Bok Choy Tips", "Size": "454 g", "Size Label": "ea"}, {"Category": "Fresh Vegetables", "Aisle": "Fruits & Vegetables", "Sku": "20159689001_EA", "Regular Price": "None", "Sale Price": "1.99", "Image": "https://assets.shop.loblaws.ca/products/20159689001/b1/en/front/20159689001_front_a01_@2.png", "Brand": null, "Url": "https://www.maxi.ca/fenugreek/p/20159689001_EA", "Sub Category": null, "English Name": "Fenugreek", "Size": "1 bunch", "Size Label": "ea"}, {"Category": "Fresh Vegetables", "Aisle": "Fruits & Vegetables", "Sku": "21240519001_EA", "Regular Price": "None", "Sale Price": "5.99", "Image": "https://assets.shop.loblaws.ca/products/21240519001/b1/en/front/21240519001_front_a01_@2.png", "Brand": "PC Organics", "Url": "https://www.maxi.ca/organic-peppers-mini-227g/p/21240519001_EA", "Sub Category": null, "English Name": "Organic Peppers Mini 227G", "Size": "227 g", "Size Label": "ea"}, {"Category": "Fresh Vegetables", "Aisle": "Fruits & Vegetables", "Sku": "21405099001_EA", "Regular Price": "None", "Sale Price": "4.99", "Image": "https://assets.shop.loblaws.ca/products/21405099001/b1/en/front/21405099001_front_a01_@2.png", "Brand": null, "Url": "https://www.maxi.ca/potato-parisienne/p/21405099001_EA", "Sub Category": null, "English Name": "Potato Parisienne", "Size": "500 g", "Size Label": "ea"}, {"Category": "Fresh Vegetables", "Aisle": "Fruits & Vegetables", "Sku": "21089853001_EA", "Regular Price": "None", "Sale Price": "4.00", "Image": "https://assets.shop.loblaws.ca/products/21089853001/b1/en/front/21089853001_front_a01_@2.png", "Brand": "President's Choice", "Url": "https://www.maxi.ca/axiany-cherry-tomatoes/p/21089853001_EA", "Sub Category": null, "English Name": "Axiany Cherry Tomatoes", "Size": "0.225 kg", "Size Label": "ea"}, {"Category": "Fresh Vegetables", "Aisle": "Fruits & Vegetables", "Sku": "20601014001_EA", "Regular Price": "None", "Sale Price": "4.99", "Image": "https://assets.shop.loblaws.ca/products/20601014001/b1/en/front/20601014001_front_a01_@2.png", "Brand": "President's Choice", "Url": "https://www.maxi.ca/yellow-potatoes/p/20601014001_EA", "Sub Category": null, "English Name": "Yellow Potatoes", "Size": "5 lb bag", "Size Label": "ea"}, {"Category": "Fresh Vegetables", "Aisle": "Fruits & Vegetables", "Sku": "20107532_EA", "Regular Price": "None", "Sale Price": "3.49", "Image": "https://assets.shop.loblaws.ca/products/20107532/b1/en/front/20107532_front_a01_@2.png", "Brand": "PC Organics", "Url": "https://www.maxi.ca/organics-yellow-onions/p/20107532_EA", "Sub Category": null, "English Name": "Organics Yellow Onions", "Size": "2 lb bag", "Size Label": "ea"}, {"Category": "Fresh Vegetables", "Aisle": "Fruits & Vegetables", "Sku": "20150181001_KG", "Regular Price": "None", "Sale Price": "0.96", "Image": "https://assets.shop.loblaws.ca/products/20150181001/b1/en/front/20150181001_front_a01_@2.png", "Brand": null, "Url": "https://www.maxi.ca/red-beets/p/20150181001_KG", "Sub Category": null, "English Name": "Red Beets", "Size": "$5.05/1kg $2.29/1lb", "Size Label": "ea"}, {"Category": "Fresh Vegetables", "Aisle": "Fruits & Vegetables", "Sku": "20307900001_KG", "Regular Price": "6.92", "Sale Price": "4.13", "Image": "https://assets.shop.loblaws.ca/products/20307900001/b1/en/front/20307900001_front_a01_@2.png", "Brand": null, "Url": "https://www.maxi.ca/spaghetti-squash/p/20307900001_KG", "Sub Category": null, "English Name": "Spaghetti Squash", "Size": "$1.49/1lb $3.28/1kg", "Size Label": "ea"}, {"Category": "Fresh Vegetables", "Aisle": "Fruits & Vegetables", "Sku": "20020863001_KG", "Regular Price": "None", "Sale Price": "4.46", "Image": "https://assets.shop.loblaws.ca/products/20020863001/b1/en/front/20020863001_front_a01_@2.png", "Brand": null, "Url": "https://www.maxi.ca/taiwanese-flat-cabbage/p/20020863001_KG", "Sub Category": null, "English Name": "Taiwanese Flat Cabbage", "Size": "$1.79/1lb $3.95/1kg", "Size Label": "ea"}, {"Category": "Fresh Vegetables", "Aisle": "Fruits & Vegetables", "Sku": "20130919001_KG", "Regular Price": "None", "Sale Price": "4.84", "Image": "https://assets.shop.loblaws.ca/products/20130919001/b1/en/front/20130919001_front_a01_@2.png", "Brand": null, "Url": "https://www.maxi.ca/jamaican-sweet-potatoes/p/20130919001_KG", "Sub Category": null, "English Name": "Jamaican Sweet Potatoes", "Size": "$12.10/1kg $5.49/1lb", "Size Label": "ea"}, {"Category": "Fresh Vegetables", "Aisle": "Fruits & Vegetables", "Sku": "21193203001_EA", "Regular Price": "None", "Sale Price": "1.99", "Image": "https://assets.shop.loblaws.ca/products/21193203001/b1/en/front/21193203001_front_a01_@2.png", "Brand": null, "Url": "https://www.maxi.ca/lemon-grass-2-pack/p/21193203001_EA", "Sub Category": null, "English Name": "Lemon Grass, 2 Pack", "Size": "104 g", "Size Label": "ea"}, {"Category": "Fresh Vegetables", "Aisle": "Fruits & Vegetables", "Sku": "20138805001_EA", "Regular Price": "None", "Sale Price": "2.49", "Image": "https://assets.shop.loblaws.ca/products/20138805001/b1/en/front/20138805001_front_a01_@2.png", "Brand": null, "Url": "https://www.maxi.ca/kale/p/20138805001_EA", "Sub Category": null, "English Name": "Kale", "Size": "1 bunch", "Size Label": "ea"}, {"Category": "Fresh Vegetables", "Aisle": "Fruits & Vegetables", "Sku": "20069522001_EA", "Regular Price": "None", "Sale Price": "3.99", "Image": "https://assets.shop.loblaws.ca/products/20069522001/b1/en/front/20069522001_front_a01_@2.png", "Brand": null, "Url": "https://www.maxi.ca/red-beets/p/20069522001_EA", "Sub Category": null, "English Name": "Red Beets", "Size": "2 lb bag", "Size Label": "ea"}, {"Category": "Fresh Vegetables", "Aisle": "Fruits & Vegetables", "Sku": "20070018001_KG", "Regular Price": "None", "Sale Price": "7.71", "Image": "https://assets.shop.loblaws.ca/products/20070018001/b1/en/front/20070018001_front_a01_@2.png", "Brand": null, "Url": "https://www.maxi.ca/yellow-yams/p/20070018001_KG", "Sub Category": null, "English Name": "Yellow Yams", "Size": "$15.41/1kg $6.99/1lb", "Size Label": "ea"}, {"Category": "Fresh Vegetables", "Aisle": "Fruits & Vegetables", "Sku": "21285907001_EA", "Regular Price": "None", "Sale Price": "3.50", "Image": "https://assets.shop.loblaws.ca/products/21285907001/b1/en/front/21285907001_front_a01_@2.png", "Brand": "No Name", "Url": "https://www.maxi.ca/mini-cucumber/p/21285907001_EA", "Sub Category": null, "English Name": "Mini Cucumber", "Size": "680 g", "Size Label": "ea"}, {"Category": "Fresh Vegetables", "Aisle": "Fruits & Vegetables", "Sku": "20600792001_EA", "Regular Price": "None", "Sale Price": "4.99", "Image": "https://assets.shop.loblaws.ca/products/20600792001/b1/en/front/20600792001_front_a01_@2.png", "Brand": "PC Organics", "Url": "https://www.maxi.ca/celery-hearts/p/20600792001_EA", "Sub Category": null, "English Name": "Celery Hearts", "Size": "1 ea", "Size Label": "ea"}, {"Category": "Fresh Vegetables", "Aisle": "Fruits & Vegetables", "Sku": "20767842_EA", "Regular Price": "None", "Sale Price": "8.99", "Image": "https://assets.shop.loblaws.ca/products/20767842/b1/en/front/20767842_front_a01_@2.png", "Brand": "President's Choice", "Url": "https://www.maxi.ca/ruby-and-golden-little-gems/p/20767842_EA", "Sub Category": null, "English Name": "Ruby and Golden Little Gems", "Size": "5 lb bag", "Size Label": "ea"}, {"Category": "Fresh Vegetables", "Aisle": "Fruits & Vegetables", "Sku": "20025417001_KG", "Regular Price": "1.19", "Sale Price": "1.05", "Image": "https://assets.shop.loblaws.ca/products/20025417001/b1/en/front/20025417001_front_a01_@2.png", "Brand": null, "Url": "https://www.maxi.ca/vine-tomato-single-tomato/p/20025417001_KG", "Sub Category": null, "English Name": "Vine Tomato (Single Tomato)", "Size": "$1.49/1lb $3.28/1kg", "Size Label": "ea"}, {"Category": "Fresh Vegetables", "Aisle": "Fruits & Vegetables", "Sku": "21302363001_EA", "Regular Price": "None", "Sale Price": "2.99", "Image": "https://assets.shop.loblaws.ca/products/21302363001/b1/en/front/21302363001_front_a01_@2.png", "Brand": null, "Url": "https://www.maxi.ca/sweet-nantes-carrots/p/21302363001_EA", "Sub Category": null, "English Name": "Sweet Nantes Carrots", "Size": "454 g", "Size Label": "ea"}, {"Category": "Fresh Vegetables", "Aisle": "Fruits & Vegetables", "Sku": "20863969001_KG", "Regular Price": "None", "Sale Price": "4.05", "Image": "https://assets.shop.loblaws.ca/products/20863969001/b1/en/front/20863969001_front_a01_@2.png", "Brand": null, "Url": "https://www.maxi.ca/jamaican-ginger/p/20863969001_KG", "Sub Category": null, "English Name": "Jamaican Ginger", "Size": "$17.61/1kg $7.99/1lb", "Size Label": "ea"}, {"Category": "Fresh Vegetables", "Aisle": "Fruits & Vegetables", "Sku": "21468503_EA", "Regular Price": "None", "Sale Price": "4.99", "Image": "https://assets.shop.loblaws.ca/products/21468503/b1/en/front/21468503_front_a01_@2.png", "Brand": null, "Url": "https://www.maxi.ca/potatoes-mashed/p/21468503_EA", "Sub Category": null, "English Name": "Potatoes Mashed", "Size": "2.27 kg", "Size Label": "ea"}, {"Category": "Fresh Vegetables", "Aisle": "Fruits & Vegetables", "Sku": "21105365_EA", "Regular Price": "None", "Sale Price": "4.19", "Image": "https://assets.shop.loblaws.ca/products/21105365/b1/en/front/21105365_front_a01_@2.png", "Brand": null, "Url": "https://www.maxi.ca/roasting-potato-onion/p/21105365_EA", "Sub Category": null, "English Name": "Roasting Potato, Onion", "Size": "454 g", "Size Label": "ea"}, {"Category": "Fresh Vegetables", "Aisle": "Fruits & Vegetables", "Sku": "21350918_EA", "Regular Price": "None", "Sale Price": "3.99", "Image": "https://assets.shop.loblaws.ca/products/21350918/b1/en/front/21350918_front_a01_@2.png", "Brand": null, "Url": "https://www.maxi.ca/frisee-lettuce-2-pack/p/21350918_EA", "Sub Category": null, "English Name": "Frisee Lettuce 2-pack", "Size": "200 g", "Size Label": "ea"}, {"Category": "Fresh Vegetables", "Aisle": "Fruits & Vegetables", "Sku": "21071156001_EA", "Regular Price": "None", "Sale Price": "4.99", "Image": "https://assets.shop.loblaws.ca/products/21071156001/b1/en/front/21071156001_front_a01_@2.png", "Brand": null, "Url": "https://www.maxi.ca/organic-beets/p/21071156001_EA", "Sub Category": null, "English Name": "Organic Beets", "Size": "910 g", "Size Label": "ea"}, {"Category": "Fresh Vegetables", "Aisle": "Fruits & Vegetables", "Sku": "20866306001_KG", "Regular Price": "None", "Sale Price": "2.59", "Image": "https://assets.shop.loblaws.ca/products/20866306001/b1/en/front/20866306001_front_a01_@2.png", "Brand": null, "Url": "https://www.maxi.ca/breadnut/p/20866306001_KG", "Sub Category": null, "English Name": "Breadnut", "Size": "$4.39/1kg $1.99/1lb", "Size Label": "ea"}, {"Category": "Fresh Vegetables", "Aisle": "Fruits & Vegetables", "Sku": "20867058001_EA", "Regular Price": "None", "Sale Price": "3.00", "Image": "https://assets.shop.loblaws.ca/products/20867058001/b1/en/front/20867058001_front_a01_@2.png", "Brand": "No Name", "Url": "https://www.maxi.ca/potatoes/p/20867058001_EA", "Sub Category": null, "English Name": "Potatoes", "Size": "2.27 kg", "Size Label": "ea"}, {"Category": "Fresh Vegetables", "Aisle": "Fruits & Vegetables", "Sku": "20530085001_KG", "Regular Price": "None", "Sale Price": "4.39", "Image": "https://assets.shop.loblaws.ca/products/20530085001/b1/en/front/20530085001_front_a01_@2.png", "Brand": null, "Url": "https://www.maxi.ca/organic-squash-buttercup/p/20530085001_KG", "Sub Category": null, "English Name": "Organic Squash, Buttercup", "Size": "$4.39/1kg $1.99/1lb", "Size Label": "ea"}, {"Category": "Fresh Vegetables", "Aisle": "Fruits & Vegetables", "Sku": "20099665001_KG", "Regular Price": "None", "Sale Price": "5.39", "Image": "https://assets.shop.loblaws.ca/products/20099665001/b1/en/front/20099665001_front_a01_@2.png", "Brand": null, "Url": "https://www.maxi.ca/horseradish/p/20099665001_KG", "Sub Category": null, "English Name": "Horseradish", "Size": "$15.41/1kg $6.99/1lb", "Size Label": "ea"}, {"Category": "Fresh Vegetables", "Aisle": "Fruits & Vegetables", "Sku": "21391602_EA", "Regular Price": "None", "Sale Price": "4.99", "Image": "https://assets.shop.loblaws.ca/products/21391602/b1/en/front/21391602_front_a01_@2.png", "Brand": "The Little Potato Company", "Url": "https://www.maxi.ca/microwave-ready-savoury-herb-potatoes/p/21391602_EA", "Sub Category": null, "English Name": "Microwave Ready Savoury Herb Potatoes", "Size": "454 g", "Size Label": "ea"}, {"Category": "Fresh Vegetables", "Aisle": "Fruits & Vegetables", "Sku": "21556714001_EA", "Regular Price": "None", "Sale Price": "5.00", "Image": "https://assets.shop.loblaws.ca/products/21556714001/b1/en/front/21556714001_front_a01_@2.png", "Brand": null, "Url": "https://www.maxi.ca/green-beans/p/21556714001_EA", "Sub Category": null, "English Name": "Green Beans", "Size": "2 l", "Size Label": "ea"}, {"Category": "Fresh Vegetables", "Aisle": "Fruits & Vegetables", "Sku": "21454589001_EA", "Regular Price": "None", "Sale Price": "4.50", "Image": "https://assets.shop.loblaws.ca/products/21454589001/b1/en/front/21454589001_front_a01_@2.png", "Brand": "President's Choice", "Url": "https://www.maxi.ca/yellow-hot-hot-peppers/p/21454589001_EA", "Sub Category": null, "English Name": "Yellow Hot Hot Peppers", "Size": "226 g", "Size Label": "ea"}, {"Category": "Fresh Vegetables", "Aisle": "Fruits & Vegetables", "Sku": "20686537_EA", "Regular Price": "None", "Sale Price": "3.99", "Image": "https://assets.shop.loblaws.ca/products/20686537/b1/en/front/20686537_front_a01_@2.png", "Brand": null, "Url": "https://www.maxi.ca/boston-lettuce/p/20686537_EA", "Sub Category": null, "English Name": "Boston Lettuce", "Size": "2 pack", "Size Label": "ea"}, {"Category": "Fresh Vegetables", "Aisle": "Fruits & Vegetables", "Sku": "21042287001_EA", "Regular Price": "None", "Sale Price": "5.00", "Image": "https://assets.shop.loblaws.ca/products/21042287001/b1/en/front/21042287001_front_a01_@2.png", "Brand": null, "Url": "https://www.maxi.ca/red-shepherd-peppers/p/21042287001_EA", "Sub Category": null, "English Name": "Red Shepherd Peppers", "Size": "3000 ml", "Size Label": "ea"}, {"Category": "Fresh Vegetables", "Aisle": "Fruits & Vegetables", "Sku": "21049092001_EA", "Regular Price": "None", "Sale Price": "3.00", "Image": "https://assets.shop.loblaws.ca/products/21049092001/b1/en/front/21049092001_front_a01_@2.png", "Brand": null, "Url": "https://www.maxi.ca/green-house-beefsteak-tomatoes/p/21049092001_EA", "Sub Category": null, "English Name": "Green House Beefsteak Tomatoes ", "Size": "454 g", "Size Label": "ea"}, {"Category": "Fresh Vegetables", "Aisle": "Fruits & Vegetables", "Sku": "20997816001_EA", "Regular Price": "None", "Sale Price": "3.99", "Image": "https://assets.shop.loblaws.ca/products/20997816001/b1/en/front/20997816001_front_a01_@2.png", "Brand": null, "Url": "https://www.maxi.ca/coloured-carrots/p/20997816001_EA", "Sub Category": null, "English Name": "Coloured Carrots", "Size": "454 g", "Size Label": "ea"}, {"Category": "Fresh Vegetables", "Aisle": "Fruits & Vegetables", "Sku": "20181709001_EA", "Regular Price": "None", "Sale Price": "3.99", "Image": "https://assets.shop.loblaws.ca/products/20181709001/b1/en/front/20181709001_front_a01_@2.png", "Brand": null, "Url": "https://www.maxi.ca/asparagus/p/20181709001_EA", "Sub Category": null, "English Name": "Asparagus", "Size": "325 g", "Size Label": "ea"}, {"Category": "Fresh Vegetables", "Aisle": "Fruits & Vegetables", "Sku": "21432298_EA", "Regular Price": "None", "Sale Price": "4.99", "Image": "https://assets.shop.loblaws.ca/products/21432298/b1/en/front/21432298_front_a01_@2.png", "Brand": "The Little Potato Company", "Url": "https://www.maxi.ca/fresh-creamer-potatoes-smoked-salt/p/21432298_EA", "Sub Category": null, "English Name": "Fresh Creamer Potatoes Smoked Salt", "Size": "454 g", "Size Label": "ea"}, {"Category": "Fresh Vegetables", "Aisle": "Fruits & Vegetables", "Sku": "21202245001_EA", "Regular Price": "None", "Sale Price": "3.48", "Image": "https://assets.shop.loblaws.ca/products/21202245001/b1/en/front/21202245001_front_a01_@2.png", "Brand": null, "Url": "https://www.maxi.ca/shanghai-mini-bok-choy/p/21202245001_EA", "Sub Category": null, "English Name": "Shanghai Mini Bok Choy", "Size": "454 g", "Size Label": "ea"}, {"Category": "Fresh Vegetables", "Aisle": "Fruits & Vegetables", "Sku": "20081596_EA", "Regular Price": "None", "Sale Price": "4.99", "Image": "https://assets.shop.loblaws.ca/products/20081596/b1/en/front/20081596_front_a01_@2.png", "Brand": null, "Url": "https://www.maxi.ca/parsnips-1lb-bag/p/20081596_EA", "Sub Category": null, "English Name": "Parsnips 1lb Bag", "Size": "1 lb bag", "Size Label": "ea"}, {"Category": "Fresh Vegetables", "Aisle": "Fruits & Vegetables", "Sku": "20042184_EA", "Regular Price": "None", "Sale Price": "3.50", "Image": "https://assets.shop.loblaws.ca/products/20042184/b1/en/front/20042184_front_a01_@2.png", "Brand": null, "Url": "https://www.maxi.ca/halloween-gourds-package-of-7/p/20042184_EA", "Sub Category": null, "English Name": "Halloween Gourds, Package of 7", "Size": "7x1.0 ea", "Size Label": "ea"}, {"Category": "Fresh Vegetables", "Aisle": "Fruits & Vegetables", "Sku": "20062076001_EA", "Regular Price": "None", "Sale Price": "5.00", "Image": "https://assets.shop.loblaws.ca/products/20062076001/b1/en/front/20062076001_front_a01_@2.png", "Brand": null, "Url": "https://www.maxi.ca/cucumber-dill-basket/p/20062076001_EA", "Sub Category": null, "English Name": "Cucumber Dill Basket", "Size": "3 l", "Size Label": "ea"}, {"Category": "Fresh Vegetables", "Aisle": "Fruits & Vegetables", "Sku": "21454511001_EA", "Regular Price": "None", "Sale Price": "4.50", "Image": "https://assets.shop.loblaws.ca/products/21454511001/b1/en/front/21454511001_front_a01_@2.png", "Brand": "President's Choice", "Url": "https://www.maxi.ca/habanero-hot-peppers/p/21454511001_EA", "Sub Category": null, "English Name": "Habanero Hot Peppers", "Size": "50 g", "Size Label": "ea"}, {"Category": "Fresh Vegetables", "Aisle": "Fruits & Vegetables", "Sku": "20945332001_EA", "Regular Price": "None", "Sale Price": "3.99", "Image": "https://assets.shop.loblaws.ca/products/20945332001/b1/en/front/20945332001_front_a01_@2.png", "Brand": "No Name", "Url": "https://www.maxi.ca/carrots/p/20945332001_EA", "Sub Category": null, "English Name": "Carrots", "Size": "2270 g", "Size Label": "ea"}, {"Category": "Fresh Vegetables", "Aisle": "Fruits & Vegetables", "Sku": "20159013001_KG", "Regular Price": "None", "Sale Price": "1.65", "Image": "https://assets.shop.loblaws.ca/products/20159013001/b1/en/front/20159013001_front_a01_@2.png", "Brand": null, "Url": "https://www.maxi.ca/long-eggplants/p/20159013001_KG", "Sub Category": null, "English Name": "Long Eggplants", "Size": "$6.59/1kg $2.99/1lb", "Size Label": "ea"}, {"Category": "Fresh Vegetables", "Aisle": "Fruits & Vegetables", "Sku": "20889720_EA", "Regular Price": "None", "Sale Price": "5.99", "Image": "https://assets.shop.loblaws.ca/products/20889720/b1/en/front/20889720_front_a01_@2.png", "Brand": null, "Url": "https://www.maxi.ca/french-beans/p/20889720_EA", "Sub Category": null, "English Name": "French Beans", "Size": "400 g", "Size Label": "ea"}, {"Category": "Fresh Vegetables", "Aisle": "Fruits & Vegetables", "Sku": "20090117001_EA", "Regular Price": "None", "Sale Price": "6.99", "Image": "https://assets.shop.loblaws.ca/products/20090117001/b1/en/front/20090117001_front_a01_@2.png", "Brand": null, "Url": "https://www.maxi.ca/leeks/p/20090117001_EA", "Sub Category": null, "English Name": "Leeks", "Size": "1 bunch", "Size Label": "ea"}, {"Category": "Fresh Vegetables", "Aisle": "Fruits & Vegetables", "Sku": "20054508_EA", "Regular Price": "None", "Sale Price": "3.50", "Image": "https://assets.shop.loblaws.ca/products/20054508/b1/en/front/20054508_front_a01_@2.png", "Brand": null, "Url": "https://www.maxi.ca/mini-halloween-pumpkins-6-pack/p/20054508_EA", "Sub Category": null, "English Name": "Mini Halloween Pumpkins, 6 Pack", "Size": "1 ea", "Size Label": "ea"}, {"Category": "Fresh Vegetables", "Aisle": "Fruits & Vegetables", "Sku": "20949866001_EA", "Regular Price": "None", "Sale Price": "5.99", "Image": "https://assets.shop.loblaws.ca/products/20949866001/b1/en/front/20949866001_front_a01_@2.png", "Brand": "President's Choice", "Url": "https://www.maxi.ca/variety-pack-tomatoes/p/20949866001_EA", "Sub Category": null, "English Name": "Variety Pack Tomatoes", "Size": "680 g", "Size Label": "ea"}, {"Category": "Fresh Vegetables", "Aisle": "Fruits & Vegetables", "Sku": "20098126001_KG", "Regular Price": "None", "Sale Price": "0.33", "Image": "https://assets.shop.loblaws.ca/products/20098126001/b1/en/front/20098126001_front_a01_@2.png", "Brand": null, "Url": "https://www.maxi.ca/wax-beans/p/20098126001_KG", "Sub Category": null, "English Name": "Wax Beans", "Size": "$0.66/100g $6.59/1kg", "Size Label": "g"}, {"Category": "Fresh Vegetables", "Aisle": "Fruits & Vegetables", "Sku": "20935931001_EA", "Regular Price": "None", "Sale Price": "4.99", "Image": "https://assets.shop.loblaws.ca/products/20935931001/b1/en/front/20935931001_front_a01_@2.png", "Brand": "PC Organics", "Url": "https://www.maxi.ca/organic-cucumber-mini/p/20935931001_EA", "Sub Category": null, "English Name": "Organic Cucumber Mini", "Size": "342 g", "Size Label": "ea"}, {"Category": "Fresh Vegetables", "Aisle": "Fruits & Vegetables", "Sku": "20071263001_KG", "Regular Price": "3.69", "Sale Price": "2.76", "Image": "https://assets.shop.loblaws.ca/products/20071263001/b1/en/front/20071263001_front_a01_@2.png", "Brand": null, "Url": "https://www.maxi.ca/acorn-squash/p/20071263001_KG", "Sub Category": null, "English Name": "Acorn Squash", "Size": "$1.49/1lb $3.28/1kg", "Size Label": "ea"}, {"Category": "Fresh Vegetables", "Aisle": "Fruits & Vegetables", "Sku": "20075900_EA", "Regular Price": "None", "Sale Price": "4.99", "Image": "https://assets.shop.loblaws.ca/products/20075900/b1/en/front/20075900_front_a01_@2.png", "Brand": "PC Organics", "Url": "https://www.maxi.ca/organic-yellow-potatoes/p/20075900_EA", "Sub Category": null, "English Name": "Organic Yellow Potatoes", "Size": "3 lb bag", "Size Label": "ea"}, {"Category": "Fresh Vegetables", "Aisle": "Fruits & Vegetables", "Sku": "20639082001_EA", "Regular Price": "None", "Sale Price": "6.99", "Image": "https://assets.shop.loblaws.ca/products/20639082001/b1/en/front/20639082001_front_a01_@2.png", "Brand": "PC Organics", "Url": "https://www.maxi.ca/organic-sweet-potatoes-3lb-bag/p/20639082001_EA", "Sub Category": null, "English Name": "Organic Sweet Potatoes 3lb Bag", "Size": "3 lb bag", "Size Label": "ea"}, {"Category": "Fresh Vegetables", "Aisle": "Fruits & Vegetables", "Sku": "20214929001_EA", "Regular Price": "None", "Sale Price": "3.99", "Image": "https://assets.loblaws.ca/pcx_bronx_fe_assets/images/common/coming-soon-en-web.png", "Brand": "Farmer's Market", "Url": "https://www.maxi.ca/sweet-corn-5-pack/p/20214929001_EA", "Sub Category": null, "English Name": " Sweet Corn 5 Pack", "Size": "1 ea", "Size Label": "ea"}, {"Category": "Fresh Vegetables", "Aisle": "Fruits & Vegetables", "Sku": "20616206001_EA", "Regular Price": "None", "Sale Price": "3.99", "Image": "https://assets.shop.loblaws.ca/products/20616206001/b1/en/front/20616206001_front_a01_@2.png", "Brand": "President's Choice", "Url": "https://www.maxi.ca/russet-potatoes/p/20616206001_EA", "Sub Category": null, "English Name": "Russet Potatoes ", "Size": "5 lb bag", "Size Label": "ea"}, {"Category": "Fresh Vegetables", "Aisle": "Fruits & Vegetables", "Sku": "20168304001_KG", "Regular Price": "None", "Sale Price": "1.04", "Image": "https://assets.shop.loblaws.ca/products/20168304001/b1/en/front/20168304001_front_a01_@2.png", "Brand": null, "Url": "https://www.maxi.ca/yellow-onion/p/20168304001_KG", "Sub Category": null, "English Name": "Yellow Onion", "Size": "$3.73/1kg $1.69/1lb", "Size Label": "ea"}, {"Category": "Fresh Vegetables", "Aisle": "Fruits & Vegetables", "Sku": "21247299001_EA", "Regular Price": "None", "Sale Price": "4.49", "Image": "https://assets.shop.loblaws.ca/products/21247299001/b1/en/front/21247299001_front_a01_@2.png", "Brand": "President's Choice", "Url": "https://www.maxi.ca/ruby-little-gems-potatoes/p/21247299001_EA", "Sub Category": null, "English Name": "Ruby Little Gems Potatoes", "Size": "0.68 kg", "Size Label": "ea"}, {"Category": "Fresh Vegetables", "Aisle": "Fruits & Vegetables", "Sku": "21238843001_EA", "Regular Price": "None", "Sale Price": "6.99", "Image": "https://assets.shop.loblaws.ca/products/21238843001/b1/en/front/21238843001_front_a01_@2.png", "Brand": null, "Url": "https://www.maxi.ca/garlic-bulbs/p/21238843001_EA", "Sub Category": null, "English Name": "Garlic Bulbs", "Size": "1 kg", "Size Label": "ea"}, {"Category": "Fresh Vegetables", "Aisle": "Fruits & Vegetables", "Sku": "20081484001_EA", "Regular Price": "None", "Sale Price": "2.97", "Image": "https://assets.shop.loblaws.ca/products/20081484001/b1/en/front/20081484001_front_a01_@2.png", "Brand": null, "Url": "https://www.maxi.ca/pumpkin-large/p/20081484001_EA", "Sub Category": null, "English Name": "Pumpkin, Large", "Size": "1 ea", "Size Label": "ea"}, {"Category": "Packaged Salad & Dressing", "Aisle": "Fruits & Vegetables", "Sku": "21204248_EA", "Regular Price": "3.49", "Sale Price": "2.99", "Image": "https://assets.shop.loblaws.ca/products/21204248/b1/en/front/21204248_front_a01_@2.png", "Brand": "President's Choice", "Url": "https://www.maxi.ca/coleslaw/p/21204248_EA", "Sub Category": null, "English Name": "Coleslaw", "Size": "397 g", "Size Label": "ea"}, {"Category": "Packaged Salad & Dressing", "Aisle": "Fruits & Vegetables", "Sku": "21203746_EA", "Regular Price": "None", "Sale Price": "3.99", "Image": "https://assets.shop.loblaws.ca/products/21203746/b1/en/front/21203746_front_a01_@2.png", "Brand": "President's Choice", "Url": "https://www.maxi.ca/baby-spinach/p/21203746_EA", "Sub Category": null, "English Name": "Baby Spinach", "Size": "0.142 kg", "Size Label": "ea"}, {"Category": "Packaged Salad & Dressing", "Aisle": "Fruits & Vegetables", "Sku": "20305277_EA", "Regular Price": "None", "Sale Price": "4.99", "Image": "https://assets.shop.loblaws.ca/products/20305277/b1/en/front/20305277_front_a01_@2.png", "Brand": "PC Organics", "Url": "https://www.maxi.ca/organics-baby-spinach/p/20305277_EA", "Sub Category": null, "English Name": "Organics Baby Spinach", "Size": "142 g", "Size Label": "ea"}, {"Category": "Packaged Salad & Dressing", "Aisle": "Fruits & Vegetables", "Sku": "21335159_EA", "Regular Price": "None", "Sale Price": "5.99", "Image": "https://assets.shop.loblaws.ca/products/21335159/b1/en/front/21335159_front_a01_@2.png", "Brand": "Taylor Farms", "Url": "https://www.maxi.ca/dill-pickle-chopped-salad-kit/p/21335159_EA", "Sub Category": null, "English Name": "Dill Pickle Chopped Salad Kit", "Size": "341 g", "Size Label": "ea"}, {"Category": "Packaged Salad & Dressing", "Aisle": "Fruits & Vegetables", "Sku": "20127207_EA", "Regular Price": "6.99", "Sale Price": "6.00", "Image": "https://assets.shop.loblaws.ca/products/20127207/b1/en/front/20127207_front_a01_@2.png", "Brand": "PC Organics", "Url": "https://www.maxi.ca/organics-baby-spinach/p/20127207_EA", "Sub Category": null, "English Name": "Organics Baby Spinach", "Size": "312 g", "Size Label": "ea"}, {"Category": "Packaged Salad & Dressing", "Aisle": "Fruits & Vegetables", "Sku": "21334801_EA", "Regular Price": "None", "Sale Price": "4.99", "Image": "https://assets.shop.loblaws.ca/products/21334801/b1/en/front/21334801_front_a01_@2.png", "Brand": "President's Choice", "Url": "https://www.maxi.ca/caesar-salad-kit/p/21334801_EA", "Sub Category": null, "English Name": "Caesar Salad Kit", "Size": "282 g", "Size Label": "ea"}, {"Category": "Packaged Salad & Dressing", "Aisle": "Fruits & Vegetables", "Sku": "21203743_EA", "Regular Price": "None", "Sale Price": "3.99", "Image": "https://assets.shop.loblaws.ca/products/21203743/b1/en/front/21203743_front_a01_@2.png", "Brand": "President's Choice", "Url": "https://www.maxi.ca/arugula/p/21203743_EA", "Sub Category": null, "English Name": "Arugula", "Size": "0.142 kg", "Size Label": "ea"}, {"Category": "Packaged Salad & Dressing", "Aisle": "Fruits & Vegetables", "Sku": "20959677_EA", "Regular Price": "None", "Sale Price": "3.49", "Image": "https://assets.shop.loblaws.ca/products/20959677/b1/en/front/20959677_front_a01_@2.png", "Brand": null, "Url": "https://www.maxi.ca/cooking-spinach/p/20959677_EA", "Sub Category": null, "English Name": "Cooking Spinach", "Size": "227 g", "Size Label": "ea"}, {"Category": "Packaged Salad & Dressing", "Aisle": "Fruits & Vegetables", "Sku": "21204304_EA", "Regular Price": "3.99", "Sale Price": "2.99", "Image": "https://assets.shop.loblaws.ca/products/21204304/b1/en/front/21204304_front_a01_@2.png", "Brand": "President's Choice", "Url": "https://www.maxi.ca/garden-salad/p/21204304_EA", "Sub Category": null, "English Name": "Garden Salad", "Size": "0.34 kg", "Size Label": "ea"}, {"Category": "Packaged Salad & Dressing", "Aisle": "Fruits & Vegetables", "Sku": "20314039_EA", "Regular Price": "None", "Sale Price": "4.99", "Image": "https://assets.shop.loblaws.ca/products/20314039/b1/en/front/20314039_front_a01_@2.png", "Brand": "PC Organics", "Url": "https://www.maxi.ca/baby-arugula/p/20314039_EA", "Sub Category": null, "English Name": "Baby Arugula", "Size": "142 g", "Size Label": "ea"}, {"Category": "Packaged Salad & Dressing", "Aisle": "Fruits & Vegetables", "Sku": "20323751_EA", "Regular Price": "6.99", "Sale Price": "6.00", "Image": "https://assets.shop.loblaws.ca/products/20323751/b1/en/front/20323751_front_a01_@2.png", "Brand": "PC Organics", "Url": "https://www.maxi.ca/organics-field-greens-salad-mix/p/20323751_EA", "Sub Category": null, "English Name": "Organics Field Greens Salad Mix", "Size": "312 g", "Size Label": "ea"}, {"Category": "Packaged Salad & Dressing", "Aisle": "Fruits & Vegetables", "Sku": "21381575_EA", "Regular Price": "None", "Sale Price": "5.99", "Image": "https://assets.shop.loblaws.ca/products/21381575/b1/en/front/21381575_front_a01_@2.png", "Brand": "Taylor Farms", "Url": "https://www.maxi.ca/buffalo-ranch-chopped-salad-kit/p/21381575_EA", "Sub Category": null, "English Name": "Buffalo Ranch Chopped Salad Kit", "Size": "383 g", "Size Label": "ea"}, {"Category": "Packaged Salad & Dressing", "Aisle": "Fruits & Vegetables", "Sku": "21333977_EA", "Regular Price": "None", "Sale Price": "4.99", "Image": "https://assets.shop.loblaws.ca/products/21333977/b1/en/front/21333977_front_a01_@2.png", "Brand": "PC Blue Menu", "Url": "https://www.maxi.ca/caesar-salad-kit/p/21333977_EA", "Sub Category": null, "English Name": "Caesar Salad Kit", "Size": "282 g", "Size Label": "ea"}, {"Category": "Packaged Salad & Dressing", "Aisle": "Fruits & Vegetables", "Sku": "21204034_EA", "Regular Price": "None", "Sale Price": "3.99", "Image": "https://assets.shop.loblaws.ca/products/21204034/b1/en/front/21204034_front_a01_@2.png", "Brand": "President's Choice", "Url": "https://www.maxi.ca/romaine-salad/p/21204034_EA", "Sub Category": null, "English Name": "Romaine Salad", "Size": "0.255 kg", "Size Label": "ea"}, {"Category": "Packaged Salad & Dressing", "Aisle": "Fruits & Vegetables", "Sku": "21448996_EA", "Regular Price": "None", "Sale Price": "5.99", "Image": "https://assets.shop.loblaws.ca/products/21448996/b1/en/front/21448996_front_a01_@2.png", "Brand": "President's Choice", "Url": "https://www.maxi.ca/chopped-mexican-style-street-corn-salad-kit/p/21448996_EA", "Sub Category": null, "English Name": "Chopped Mexican Style Street Corn Salad Kit", "Size": "285 g", "Size Label": "ea"}, {"Category": "Packaged Salad & Dressing", "Aisle": "Fruits & Vegetables", "Sku": "21378071_EA", "Regular Price": "None", "Sale Price": "5.99", "Image": "https://assets.shop.loblaws.ca/products/21378071/b1/en/front/21378071_front_a01_@2.png", "Brand": "President's Choice", "Url": "https://www.maxi.ca/chipotle-ranch-chop-salad-kit/p/21378071_EA", "Sub Category": null, "English Name": "Chipotle Ranch Chop Salad Kit", "Size": "340 g", "Size Label": "ea"}, {"Category": "Packaged Salad & Dressing", "Aisle": "Fruits & Vegetables", "Sku": "21378085_EA", "Regular Price": "None", "Sale Price": "5.99", "Image": "https://assets.shop.loblaws.ca/products/21378085/b1/en/front/21378085_front_a01_@2.png", "Brand": "President's Choice", "Url": "https://www.maxi.ca/caesar-salad-chop-kit/p/21378085_EA", "Sub Category": null, "English Name": "Caesar Salad Chop Kit", "Size": "298 g", "Size Label": "ea"}, {"Category": "Packaged Salad & Dressing", "Aisle": "Fruits & Vegetables", "Sku": "20312523_EA", "Regular Price": "None", "Sale Price": "4.99", "Image": "https://assets.shop.loblaws.ca/products/20312523/b1/en/front/20312523_front_a01_@2.png", "Brand": "PC Organics", "Url": "https://www.maxi.ca/organics-field-greens-salad-mix/p/20312523_EA", "Sub Category": null, "English Name": "Organics Field Greens Salad Mix", "Size": "142 g", "Size Label": "ea"}, {"Category": "Packaged Salad & Dressing", "Aisle": "Fruits & Vegetables", "Sku": "20961110_EA", "Regular Price": "None", "Sale Price": "3.99", "Image": "https://assets.shop.loblaws.ca/products/20961110/b1/en/front/20961110_front_a01_@2.png", "Brand": "President's Choice", "Url": "https://www.maxi.ca/broccoli-slaw/p/20961110_EA", "Sub Category": null, "English Name": "Broccoli Slaw", "Size": "340 g", "Size Label": "ea"}, {"Category": "Packaged Salad & Dressing", "Aisle": "Fruits & Vegetables", "Sku": "20960988_EA", "Regular Price": "None", "Sale Price": "3.99", "Image": "https://assets.shop.loblaws.ca/products/20960988/b1/en/front/20960988_front_a01_@2.png", "Brand": "President's Choice", "Url": "https://www.maxi.ca/kale-slaw/p/20960988_EA", "Sub Category": null, "English Name": "Kale Slaw", "Size": "340 g", "Size Label": "ea"}, {"Category": "Packaged Salad & Dressing", "Aisle": "Fruits & Vegetables", "Sku": "20956763_EA", "Regular Price": "None", "Sale Price": "3.99", "Image": "https://assets.shop.loblaws.ca/products/20956763/b1/en/front/20956763_front_a01_@2.png", "Brand": "Fresh Attitude", "Url": "https://www.maxi.ca/baby-spinach-prewashed/p/20956763_EA", "Sub Category": null, "English Name": "Baby Spinach Prewashed", "Size": "142 g", "Size Label": "ea"}, {"Category": "Packaged Salad & Dressing", "Aisle": "Fruits & Vegetables", "Sku": "21381581_EA", "Regular Price": "None", "Sale Price": "5.99", "Image": "https://assets.shop.loblaws.ca/products/21381581/b1/en/front/21381581_front_a01_@2.png", "Brand": "Taylor Farms", "Url": "https://www.maxi.ca/guacamole-crunch-chopped-salad-kit/p/21381581_EA", "Sub Category": null, "English Name": "Guacamole Crunch Chopped Salad Kit", "Size": "319 g", "Size Label": "ea"}, {"Category": "Packaged Salad & Dressing", "Aisle": "Fruits & Vegetables", "Sku": "21378122_EA", "Regular Price": "None", "Sale Price": "5.99", "Image": "https://assets.shop.loblaws.ca/products/21378122/b1/en/front/21378122_front_a01_@2.png", "Brand": "President's Choice", "Url": "https://www.maxi.ca/loads-of-garlic-caesar-salad-kit/p/21378122_EA", "Sub Category": null, "English Name": "Loads Of Garlic Caesar Salad Kit", "Size": "319 g", "Size Label": "ea"}, {"Category": "Packaged Salad & Dressing", "Aisle": "Fruits & Vegetables", "Sku": "20322970_EA", "Regular Price": "None", "Sale Price": "5.29", "Image": "https://assets.shop.loblaws.ca/products/20322970/b1/en/front/20322970_front_a01_@2.png", "Brand": "Marzetti", "Url": "https://www.maxi.ca/veggie-dip-ranch/p/20322970_EA", "Sub Category": null, "English Name": "Veggie Dip, Ranch", "Size": "340 g", "Size Label": "ea"}, {"Category": "Packaged Salad & Dressing", "Aisle": "Fruits & Vegetables", "Sku": "21020913_EA", "Regular Price": "None", "Sale Price": "4.99", "Image": "https://assets.shop.loblaws.ca/products/21020913/b1/en/front/21020913_front_a01_@2.png", "Brand": "PC Organics", "Url": "https://www.maxi.ca/arugula-baby-spinach-salad-mix/p/21020913_EA", "Sub Category": null, "English Name": "Arugula & Baby Spinach Salad Mix", "Size": "142 g", "Size Label": "ea"}, {"Category": "Packaged Salad & Dressing", "Aisle": "Fruits & Vegetables", "Sku": "20057215_EA", "Regular Price": "None", "Sale Price": "5.99", "Image": "https://assets.shop.loblaws.ca/products/20057215/b1/en/front/20057215_front_a01_@2.png", "Brand": "Fontaine Sante", "Url": "https://www.maxi.ca/tabbouleh-salad/p/20057215_EA", "Sub Category": null, "English Name": "Tabbouleh Salad", "Size": "350 g", "Size Label": "ea"}, {"Category": "Packaged Salad & Dressing", "Aisle": "Fruits & Vegetables", "Sku": "21428905_EA", "Regular Price": "None", "Sale Price": "5.49", "Image": "https://assets.shop.loblaws.ca/products/21428905/b1/en/front/21428905_front_a01_@2.png", "Brand": "Renees", "Url": "https://www.maxi.ca/ranch-refrigerated-dip/p/21428905_EA", "Sub Category": null, "English Name": "Ranch Refrigerated Dip", "Size": "283 g", "Size Label": "ea"}, {"Category": "Packaged Salad & Dressing", "Aisle": "Fruits & Vegetables", "Sku": "21457334_EA", "Regular Price": "None", "Sale Price": "5.49", "Image": "https://assets.shop.loblaws.ca/products/21457334/b1/en/front/21457334_front_a01_@2.png", "Brand": null, "Url": "https://www.maxi.ca/le-grec-dip-rancher-s/p/21457334_EA", "Sub Category": null, "English Name": "Le Grec Dip Rancher's", "Size": "0.28 kg", "Size Label": "ea"}, {"Category": "Packaged Salad & Dressing", "Aisle": "Fruits & Vegetables", "Sku": "21433061_EA", "Regular Price": "None", "Sale Price": "8.99", "Image": "https://assets.shop.loblaws.ca/products/21433061/b1/en/front/21433061_front_a01_@2.png", "Brand": "St Hubert", "Url": "https://www.maxi.ca/caesar-with-chicken-meal-salad/p/21433061_EA", "Sub Category": null, "English Name": "Caesar With Chicken Meal Salad", "Size": "250 g", "Size Label": "ea"}, {"Category": "Packaged Salad & Dressing", "Aisle": "Fruits & Vegetables", "Sku": "21205492_EA", "Regular Price": "None", "Sale Price": "3.99", "Image": "https://assets.shop.loblaws.ca/products/21205492/b1/en/front/21205492_front_a01_@2.png", "Brand": "President's Choice", "Url": "https://www.maxi.ca/cauliflower-slaw/p/21205492_EA", "Sub Category": null, "English Name": "Cauliflower Slaw", "Size": "0.34 kg", "Size Label": "ea"}, {"Category": "Packaged Salad & Dressing", "Aisle": "Fruits & Vegetables", "Sku": "20956673_EA", "Regular Price": "None", "Sale Price": "3.99", "Image": "https://assets.shop.loblaws.ca/products/20956673/b1/en/front/20956673_front_a01_@2.png", "Brand": "Fresh Attitude", "Url": "https://www.maxi.ca/spring-mix/p/20956673_EA", "Sub Category": null, "English Name": "Spring Mix", "Size": "142 g", "Size Label": "ea"}, {"Category": "Packaged Salad & Dressing", "Aisle": "Fruits & Vegetables", "Sku": "20513376_EA", "Regular Price": "None", "Sale Price": "5.99", "Image": "https://assets.shop.loblaws.ca/products/20513376/b1/en/front/20513376_front_a01_@2.png", "Brand": "Fresh Attitude", "Url": "https://www.maxi.ca/spring-mix-salad-with-toppings-single-sized/p/20513376_EA", "Sub Category": null, "English Name": "Spring Mix Salad with Toppings Single Sized", "Size": "155 g", "Size Label": "ea"}, {"Category": "Packaged Salad & Dressing", "Aisle": "Fruits & Vegetables", "Sku": "20302834_EA", "Regular Price": "None", "Sale Price": "5.29", "Image": "https://assets.shop.loblaws.ca/products/20302834/b1/en/front/20302834_front_a01_@2.png", "Brand": "Marzetti", "Url": "https://www.maxi.ca/veggie-dip-spinach/p/20302834_EA", "Sub Category": null, "English Name": "Veggie Dip, Spinach", "Size": "340 g", "Size Label": "ea"}, {"Category": "Packaged Salad & Dressing", "Aisle": "Fruits & Vegetables", "Sku": "20956796_EA", "Regular Price": "None", "Sale Price": "3.99", "Image": "https://assets.shop.loblaws.ca/products/20956796/b1/en/front/20956796_front_a01_@2.png", "Brand": "Fresh Attitude", "Url": "https://www.maxi.ca/arugula-prewashed/p/20956796_EA", "Sub Category": null, "English Name": "Arugula Prewashed", "Size": "142 g", "Size Label": "ea"}, {"Category": "Packaged Salad & Dressing", "Aisle": "Fruits & Vegetables", "Sku": "21334070_EA", "Regular Price": "None", "Sale Price": "4.99", "Image": "https://assets.shop.loblaws.ca/products/21334070/b1/en/front/21334070_front_a01_@2.png", "Brand": "President's Choice", "Url": "https://www.maxi.ca/sweet-kale-salad-kit/p/21334070_EA", "Sub Category": null, "English Name": "Sweet Kale Salad Kit", "Size": "340 g", "Size Label": "ea"}, {"Category": "Packaged Salad & Dressing", "Aisle": "Fruits & Vegetables", "Sku": "20247887_EA", "Regular Price": "None", "Sale Price": "7.99", "Image": "https://assets.shop.loblaws.ca/products/20247887/b1/en/front/20247887_front_a01_@2.png", "Brand": "Fresh Attitude", "Url": "https://www.maxi.ca/spring-mix-salad-with-toppings-family-sized/p/20247887_EA", "Sub Category": null, "English Name": "Spring Mix Salad with Toppings Family Sized", "Size": "342 g", "Size Label": "ea"}, {"Category": "Packaged Salad & Dressing", "Aisle": "Fruits & Vegetables", "Sku": "21204849_EA", "Regular Price": "None", "Sale Price": "1.99", "Image": "https://assets.shop.loblaws.ca/products/21204849/b1/en/front/21204849_front_a01_@2.png", "Brand": "Salad Express", "Url": "https://www.maxi.ca/coleslaw/p/21204849_EA", "Sub Category": null, "English Name": "Coleslaw", "Size": "0.34 kg", "Size Label": "ea"}, {"Category": "Packaged Salad & Dressing", "Aisle": "Fruits & Vegetables", "Sku": "20513380_EA", "Regular Price": "None", "Sale Price": "5.99", "Image": "https://assets.shop.loblaws.ca/products/20513380/b1/en/front/20513380_front_a01_@2.png", "Brand": "Fresh Attitude", "Url": "https://www.maxi.ca/caesar-salad-with-toppings-single-sized/p/20513380_EA", "Sub Category": null, "English Name": "Caesar Salad with Toppings Single Sized", "Size": "175 g", "Size Label": "ea"}, {"Category": "Packaged Salad & Dressing", "Aisle": "Fruits & Vegetables", "Sku": "20174734_EA", "Regular Price": "None", "Sale Price": "5.29", "Image": "https://assets.shop.loblaws.ca/products/20174734/b1/en/front/20174734_front_a01_@2.png", "Brand": "Marzetti", "Url": "https://www.maxi.ca/veggie-dip-light-ranch/p/20174734_EA", "Sub Category": null, "English Name": "Veggie Dip, Light Ranch", "Size": "340 g", "Size Label": "ea"}, {"Category": "Packaged Salad & Dressing", "Aisle": "Fruits & Vegetables", "Sku": "21457335_EA", "Regular Price": "None", "Sale Price": "5.49", "Image": "https://assets.shop.loblaws.ca/products/21457335/b1/en/front/21457335_front_a01_@2.png", "Brand": null, "Url": "https://www.maxi.ca/le-grec-dip-original/p/21457335_EA", "Sub Category": null, "English Name": "Le Grec Dip Original", "Size": "0.28 kg", "Size Label": "ea"}, {"Category": "Packaged Salad & Dressing", "Aisle": "Fruits & Vegetables", "Sku": "21333960_EA", "Regular Price": "None", "Sale Price": "5.29", "Image": "https://assets.shop.loblaws.ca/products/21333960/b1/en/front/21333960_front_a01_@2.png", "Brand": "Marzetti", "Url": "https://www.maxi.ca/caramel-dip-snack/p/21333960_EA", "Sub Category": null, "English Name": "Caramel Dip Snack", "Size": "6x340.0 g", "Size Label": "ea"}, {"Category": "Packaged Salad & Dressing", "Aisle": "Fruits & Vegetables", "Sku": "21204237_EA", "Regular Price": "None", "Sale Price": "5.99", "Image": "https://assets.shop.loblaws.ca/products/21204237/b1/en/front/21204237_front_a01_@2.png", "Brand": "Fresh Attitude", "Url": "https://www.maxi.ca/southwest-salad-with-toppings-single-sized/p/21204237_EA", "Sub Category": null, "English Name": "Southwest Salad with Toppings Single Sized", "Size": "0.175 kg", "Size Label": "ea"}, {"Category": "Packaged Salad & Dressing", "Aisle": "Fruits & Vegetables", "Sku": "21010077_EA", "Regular Price": "None", "Sale Price": "3.99", "Image": "https://assets.shop.loblaws.ca/products/21010077/b1/en/front/21010077_front_a01_@2.png", "Brand": "Fresh Attitude", "Url": "https://www.maxi.ca/san-marino-mix-prewashed/p/21010077_EA", "Sub Category": null, "English Name": "San Marino Mix Prewashed", "Size": "142 g", "Size Label": "ea"}, {"Category": "Packaged Salad & Dressing", "Aisle": "Fruits & Vegetables", "Sku": "20651236_EA", "Regular Price": "None", "Sale Price": "5.99", "Image": "https://assets.shop.loblaws.ca/products/20651236/b1/en/front/20651236_front_a01_@2.png", "Brand": "Fresh Attitude", "Url": "https://www.maxi.ca/greek-salad-with-toppings-single-sized/p/20651236_EA", "Sub Category": null, "English Name": "Greek Salad with Toppings Single Sized", "Size": "185 g", "Size Label": "ea"}, {"Category": "Packaged Salad & Dressing", "Aisle": "Fruits & Vegetables", "Sku": "21010070_EA", "Regular Price": "None", "Sale Price": "5.99", "Image": "https://assets.shop.loblaws.ca/products/21010070/b1/en/front/21010070_front_a01_@2.png", "Brand": "Fresh Attitude", "Url": "https://www.maxi.ca/spring-mix-prewashed/p/21010070_EA", "Sub Category": null, "English Name": "Spring Mix Prewashed", "Size": "312 g", "Size Label": "ea"}, {"Category": "Packaged Salad & Dressing", "Aisle": "Fruits & Vegetables", "Sku": "20249660_EA", "Regular Price": "None", "Sale Price": "7.99", "Image": "https://assets.shop.loblaws.ca/products/20249660/b1/en/front/20249660_front_a01_@2.png", "Brand": "Fresh Attitude", "Url": "https://www.maxi.ca/caesar-salad-with-toppings-family-sized/p/20249660_EA", "Sub Category": null, "English Name": "Caesar Salad with Toppings Family Sized", "Size": "427 g", "Size Label": "ea"}, {"Category": "Packaged Salad & Dressing", "Aisle": "Fruits & Vegetables", "Sku": "21429104_EA", "Regular Price": "None", "Sale Price": "5.49", "Image": "https://assets.shop.loblaws.ca/products/21429104/b1/en/front/21429104_front_a01_@2.png", "Brand": "Renees", "Url": "https://www.maxi.ca/french-onion-refrigerated-dip/p/21429104_EA", "Sub Category": null, "English Name": "French Onion Refrigerated Dip", "Size": "283 g", "Size Label": "ea"}, {"Category": "Packaged Salad & Dressing", "Aisle": "Fruits & Vegetables", "Sku": "21429109_EA", "Regular Price": "None", "Sale Price": "5.49", "Image": "https://assets.shop.loblaws.ca/products/21429109/b1/en/front/21429109_front_a01_@2.png", "Brand": "Renees", "Url": "https://www.maxi.ca/dill-refrigerated-dip/p/21429109_EA", "Sub Category": null, "English Name": "Dill Refrigerated Dip", "Size": "283 g", "Size Label": "ea"}, {"Category": "Packaged Salad & Dressing", "Aisle": "Fruits & Vegetables", "Sku": "21010072_EA", "Regular Price": "None", "Sale Price": "5.99", "Image": "https://assets.shop.loblaws.ca/products/21010072/b1/en/front/21010072_front_a01_@2.png", "Brand": "Fresh Attitude", "Url": "https://www.maxi.ca/baby-spinach-prewashed/p/21010072_EA", "Sub Category": null, "English Name": "Baby Spinach Prewashed", "Size": "312 g", "Size Label": "ea"}, {"Category": "Packaged Salad & Dressing", "Aisle": "Fruits & Vegetables", "Sku": "21433071_EA", "Regular Price": "None", "Sale Price": "8.99", "Image": "https://assets.shop.loblaws.ca/products/21433071/b1/en/front/21433071_front_a01_@2.png", "Brand": "St Hubert", "Url": "https://www.maxi.ca/thai-with-chicken-meal-salad/p/21433071_EA", "Sub Category": null, "English Name": "Thai With Chicken Meal Salad", "Size": "248 g", "Size Label": "ea"}, {"Category": "Packaged Salad & Dressing", "Aisle": "Fruits & Vegetables", "Sku": "20039279_EA", "Regular Price": "None", "Sale Price": "5.29", "Image": "https://assets.shop.loblaws.ca/products/20039279/b1/en/front/20039279_front_a01_@2.png", "Brand": "Marzetti", "Url": "https://www.maxi.ca/veggie-dip-southwest-ranch/p/20039279_EA", "Sub Category": null, "English Name": "Veggie Dip, Southwest Ranch", "Size": "340 g", "Size Label": "ea"}, {"Category": "Herbs", "Aisle": "Fruits & Vegetables", "Sku": "20091825001_EA", "Regular Price": "None", "Sale Price": "0.99", "Image": "https://assets.shop.loblaws.ca/products/20091825001/b1/en/front/20091825001_front_a01_@2.png", "Brand": null, "Url": "https://www.maxi.ca/cilantro/p/20091825001_EA", "Sub Category": null, "English Name": "Cilantro", "Size": "1 bunch", "Size Label": "ea"}, {"Category": "Herbs", "Aisle": "Fruits & Vegetables", "Sku": "20139141001_EA", "Regular Price": "None", "Sale Price": "1.69", "Image": "https://assets.shop.loblaws.ca/products/20139141001/b1/en/front/20139141001_front_a01_@2.png", "Brand": null, "Url": "https://www.maxi.ca/italian-parsley/p/20139141001_EA", "Sub Category": null, "English Name": "Italian Parsley", "Size": "1 bunch", "Size Label": "ea"}, {"Category": "Herbs", "Aisle": "Fruits & Vegetables", "Sku": "20015746001_EA", "Regular Price": "None", "Sale Price": "1.69", "Image": "https://assets.shop.loblaws.ca/products/20015746001/b1/en/front/20015746001_front_a01_@2.png", "Brand": null, "Url": "https://www.maxi.ca/curly-parsley/p/20015746001_EA", "Sub Category": null, "English Name": "Curly Parsley", "Size": "1 bunch", "Size Label": "ea"}, {"Category": "Herbs", "Aisle": "Fruits & Vegetables", "Sku": "20185183001_EA", "Regular Price": "None", "Sale Price": "2.49", "Image": "https://assets.shop.loblaws.ca/products/20185183001/b1/en/front/20185183001_front_a01_@2.png", "Brand": null, "Url": "https://www.maxi.ca/fresh-dill-baby/p/20185183001_EA", "Sub Category": null, "English Name": "Fresh Dill, Baby", "Size": "1 bunch", "Size Label": "ea"}, {"Category": "Herbs", "Aisle": "Fruits & Vegetables", "Sku": "21184798_EA", "Regular Price": "None", "Sale Price": "2.49", "Image": "https://assets.shop.loblaws.ca/products/21184798/b1/en/front/21184798_front_a01_@2.png", "Brand": "President's Choice", "Url": "https://www.maxi.ca/basil/p/21184798_EA", "Sub Category": null, "English Name": "Basil", "Size": "28 g", "Size Label": "ea"}, {"Category": "Herbs", "Aisle": "Fruits & Vegetables", "Sku": "20139326001_EA", "Regular Price": "None", "Sale Price": "1.49", "Image": "https://assets.shop.loblaws.ca/products/20139326001/b1/en/front/20139326001_front_a01_@2.png", "Brand": null, "Url": "https://www.maxi.ca/mint-fresh/p/20139326001_EA", "Sub Category": null, "English Name": "Mint, Fresh", "Size": "1 bunch", "Size Label": "ea"}, {"Category": "Herbs", "Aisle": "Fruits & Vegetables", "Sku": "21184888_EA", "Regular Price": "None", "Sale Price": "2.49", "Image": "https://assets.shop.loblaws.ca/products/21184888/b1/en/front/21184888_front_a01_@2.png", "Brand": "President's Choice", "Url": "https://www.maxi.ca/thyme/p/21184888_EA", "Sub Category": null, "English Name": "Thyme ", "Size": "28 g", "Size Label": "ea"}, {"Category": "Herbs", "Aisle": "Fruits & Vegetables", "Sku": "21184843_EA", "Regular Price": "None", "Sale Price": "2.49", "Image": "https://assets.shop.loblaws.ca/products/21184843/b1/en/front/21184843_front_a01_@2.png", "Brand": "President's Choice", "Url": "https://www.maxi.ca/rosemary/p/21184843_EA", "Sub Category": null, "English Name": "Rosemary", "Size": "28 g", "Size Label": "ea"}, {"Category": "Herbs", "Aisle": "Fruits & Vegetables", "Sku": "21184835_EA", "Regular Price": "None", "Sale Price": "2.49", "Image": "https://assets.shop.loblaws.ca/products/21184835/b1/en/front/21184835_front_a01_@2.png", "Brand": "President's Choice", "Url": "https://www.maxi.ca/mint/p/21184835_EA", "Sub Category": null, "English Name": "Mint", "Size": "28 g", "Size Label": "ea"}, {"Category": "Herbs", "Aisle": "Fruits & Vegetables", "Sku": "21184809_EA", "Regular Price": "None", "Sale Price": "2.49", "Image": "https://assets.shop.loblaws.ca/products/21184809/b1/en/front/21184809_front_a01_@2.png", "Brand": "President's Choice", "Url": "https://www.maxi.ca/chives/p/21184809_EA", "Sub Category": null, "English Name": "Chives", "Size": "28 g", "Size Label": "ea"}, {"Category": "Herbs", "Aisle": "Fruits & Vegetables", "Sku": "21184812_EA", "Regular Price": "None", "Sale Price": "2.49", "Image": "https://assets.shop.loblaws.ca/products/21184812/b1/en/front/21184812_front_a01_@2.png", "Brand": "President's Choice", "Url": "https://www.maxi.ca/dill/p/21184812_EA", "Sub Category": null, "English Name": "Dill", "Size": "28 g", "Size Label": "ea"}, {"Category": "Herbs", "Aisle": "Fruits & Vegetables", "Sku": "21184860_EA", "Regular Price": "None", "Sale Price": "2.49", "Image": "https://assets.shop.loblaws.ca/products/21184860/b1/en/front/21184860_front_a01_@2.png", "Brand": "President's Choice", "Url": "https://www.maxi.ca/sage/p/21184860_EA", "Sub Category": null, "English Name": "Sage", "Size": "28 g", "Size Label": "ea"}, {"Category": "Herbs", "Aisle": "Fruits & Vegetables", "Sku": "20914801_EA", "Regular Price": "None", "Sale Price": "2.49", "Image": "https://assets.shop.loblaws.ca/products/20914801/b1/en/front/20914801_front_a01_@2.png", "Brand": "PC Organics", "Url": "https://www.maxi.ca/organic-basil/p/20914801_EA", "Sub Category": null, "English Name": "Organic Basil", "Size": "20 g", "Size Label": "ea"}, {"Category": "Herbs", "Aisle": "Fruits & Vegetables", "Sku": "20915170_EA", "Regular Price": "None", "Sale Price": "2.49", "Image": "https://assets.shop.loblaws.ca/products/20915170/b1/en/front/20915170_front_a01_@2.png", "Brand": "PC Organics", "Url": "https://www.maxi.ca/organic-thyme/p/20915170_EA", "Sub Category": null, "English Name": "Organic Thyme", "Size": "20 g", "Size Label": "ea"}, {"Category": "Herbs", "Aisle": "Fruits & Vegetables", "Sku": "20937494_EA", "Regular Price": "None", "Sale Price": "2.49", "Image": "https://assets.shop.loblaws.ca/products/20937494/b1/en/front/20937494_front_a01_@2.png", "Brand": "PC Organics", "Url": "https://www.maxi.ca/organic-rosemary/p/20937494_EA", "Sub Category": null, "English Name": "Organic Rosemary", "Size": "20 g", "Size Label": "ea"}, {"Category": "Herbs", "Aisle": "Fruits & Vegetables", "Sku": "21181998_EA", "Regular Price": "None", "Sale Price": "4.99", "Image": "https://assets.shop.loblaws.ca/products/21181998/b1/en/front/21181998_front_a01_@2.png", "Brand": null, "Url": "https://www.maxi.ca/basil/p/21181998_EA", "Sub Category": null, "English Name": "Basil ", "Size": "1 ea", "Size Label": "ea"}, {"Category": "Herbs", "Aisle": "Fruits & Vegetables", "Sku": "21184838_EA", "Regular Price": "None", "Sale Price": "2.49", "Image": "https://assets.shop.loblaws.ca/products/21184838/b1/en/front/21184838_front_a01_@2.png", "Brand": "President's Choice", "Url": "https://www.maxi.ca/oregano/p/21184838_EA", "Sub Category": null, "English Name": "Oregano", "Size": "28 g", "Size Label": "ea"}, {"Category": "Herbs", "Aisle": "Fruits & Vegetables", "Sku": "21184842_EA", "Regular Price": "None", "Sale Price": "2.49", "Image": "https://assets.shop.loblaws.ca/products/21184842/b1/en/front/21184842_front_a01_@2.png", "Brand": "President's Choice", "Url": "https://www.maxi.ca/fresh-poultry-herb-blend/p/21184842_EA", "Sub Category": null, "English Name": "Fresh Poultry Herb Blend", "Size": "28 g", "Size Label": "ea"}, {"Category": "Herbs", "Aisle": "Fruits & Vegetables", "Sku": "20915386_EA", "Regular Price": "None", "Sale Price": "2.49", "Image": "https://assets.shop.loblaws.ca/products/20915386/b1/en/front/20915386_front_a01_@2.png", "Brand": "PC Organics", "Url": "https://www.maxi.ca/organic-mint/p/20915386_EA", "Sub Category": null, "English Name": "Organic Mint", "Size": "20 g", "Size Label": "ea"}, {"Category": "Herbs", "Aisle": "Fruits & Vegetables", "Sku": "20915665_EA", "Regular Price": "None", "Sale Price": "2.49", "Image": "https://assets.shop.loblaws.ca/products/20915665/b1/en/front/20915665_front_a01_@2.png", "Brand": "PC Organics", "Url": "https://www.maxi.ca/organic-chives/p/20915665_EA", "Sub Category": null, "English Name": "Organic Chives", "Size": "20 g", "Size Label": "ea"}, {"Category": "Herbs", "Aisle": "Fruits & Vegetables", "Sku": "21184886_EA", "Regular Price": "None", "Sale Price": "2.49", "Image": "https://assets.shop.loblaws.ca/products/21184886/b1/en/front/21184886_front_a01_@2.png", "Brand": "President's Choice", "Url": "https://www.maxi.ca/tarragon/p/21184886_EA", "Sub Category": null, "English Name": "Tarragon", "Size": "28 g", "Size Label": "ea"}, {"Category": "Herbs", "Aisle": "Fruits & Vegetables", "Sku": "21362403_EA", "Regular Price": "None", "Sale Price": "3.99", "Image": "https://assets.shop.loblaws.ca/products/21362403/b1/en/front/21362403_front_a01_@2.png", "Brand": "Trudeau", "Url": "https://www.maxi.ca/cilantro-seasoning-tube/p/21362403_EA", "Sub Category": null, "English Name": "Cilantro Seasoning Tube ", "Size": "115 g", "Size Label": "ea"}, {"Category": "Herbs", "Aisle": "Fruits & Vegetables", "Sku": "21362405_EA", "Regular Price": "None", "Sale Price": "3.99", "Image": "https://assets.shop.loblaws.ca/products/21362405/b1/en/front/21362405_front_a01_@2.png", "Brand": "Trudeau", "Url": "https://www.maxi.ca/basil-seasoning-tube/p/21362405_EA", "Sub Category": null, "English Name": "Basil Seasoning Tube ", "Size": "115 g", "Size Label": "ea"}, {"Category": "Herbs", "Aisle": "Fruits & Vegetables", "Sku": "21362404_EA", "Regular Price": "None", "Sale Price": "3.99", "Image": "https://assets.shop.loblaws.ca/products/21362404/b1/en/front/21362404_front_a01_@2.png", "Brand": "Trudeau", "Url": "https://www.maxi.ca/ginger-seasoning-tube/p/21362404_EA", "Sub Category": null, "English Name": "Ginger Seasoning Tube ", "Size": "115 g", "Size Label": "ea"}, {"Category": "Herbs", "Aisle": "Fruits & Vegetables", "Sku": "20104914_EA", "Regular Price": "None", "Sale Price": "5.99", "Image": "https://assets.shop.loblaws.ca/products/20104914/b1/en/front/20104914_front_a01_@2.png", "Brand": null, "Url": "https://www.maxi.ca/herb-seasoning/p/20104914_EA", "Sub Category": null, "English Name": "Herb Seasoning", "Size": "500 ml", "Size Label": "ea"}, {"Category": "Herbs", "Aisle": "Fruits & Vegetables", "Sku": "21362453_EA", "Regular Price": "None", "Sale Price": "4.99", "Image": "https://assets.shop.loblaws.ca/products/21362453/b1/en/front/21362453_front_a01_@2.png", "Brand": "Trudeau", "Url": "https://www.maxi.ca/fresh-basil-pesto/p/21362453_EA", "Sub Category": null, "English Name": "Fresh Basil Pesto", "Size": "142 g", "Size Label": "ea"}, {"Category": "Herbs", "Aisle": "Fruits & Vegetables", "Sku": "21362455_EA", "Regular Price": "None", "Sale Price": "4.99", "Image": "https://assets.shop.loblaws.ca/products/21362455/b1/en/front/21362455_front_a01_@2.png", "Brand": "Trudeau", "Url": "https://www.maxi.ca/roasted-pepper-pesto/p/21362455_EA", "Sub Category": null, "English Name": "Roasted Pepper Pesto", "Size": "142 g", "Size Label": "ea"}, {"Category": "Herbs", "Aisle": "Fruits & Vegetables", "Sku": "21362465_EA", "Regular Price": "None", "Sale Price": "4.99", "Image": "https://assets.shop.loblaws.ca/products/21362465/b1/en/front/21362465_front_a01_@2.png", "Brand": "Trudeau", "Url": "https://www.maxi.ca/sundried-tomatoes-pesto/p/21362465_EA", "Sub Category": null, "English Name": "Sundried Tomatoes Pesto", "Size": "142 g", "Size Label": "ea"}, {"Category": "Herbs", "Aisle": "Fruits & Vegetables", "Sku": "21362401_EA", "Regular Price": "None", "Sale Price": "3.99", "Image": "https://assets.shop.loblaws.ca/products/21362401/b1/en/front/21362401_front_a01_@2.png", "Brand": "Trudeau", "Url": "https://www.maxi.ca/roasted-garlic-seasoning-tube/p/21362401_EA", "Sub Category": null, "English Name": "Roasted Garlic Seasoning Tube ", "Size": "115 g", "Size Label": "ea"}, {"Category": "Herbs", "Aisle": "Fruits & Vegetables", "Sku": "21362406_EA", "Regular Price": "None", "Sale Price": "3.99", "Image": "https://assets.shop.loblaws.ca/products/21362406/b1/en/front/21362406_front_a01_@2.png", "Brand": "Trudeau", "Url": "https://www.maxi.ca/dill-seasoning-tube/p/21362406_EA", "Sub Category": null, "English Name": "Dill Seasoning Tube ", "Size": "115 g", "Size Label": "ea"}, {"Category": "Herbs", "Aisle": "Fruits & Vegetables", "Sku": "21362458_EA", "Regular Price": "None", "Sale Price": "4.99", "Image": "https://assets.shop.loblaws.ca/products/21362458/b1/en/front/21362458_front_a01_@2.png", "Brand": "Trudeau", "Url": "https://www.maxi.ca/garlic-fresh-herbs-pesto/p/21362458_EA", "Sub Category": null, "English Name": "Garlic & Fresh Herbs Pesto", "Size": "142 g", "Size Label": "ea"}, {"Category": "Fresh Cut Fruits & Vegetables", "Aisle": "Fruits & Vegetables", "Sku": "20528803_EA", "Regular Price": "None", "Sale Price": "5.99", "Image": "https://assets.shop.loblaws.ca/products/20528803/b1/en/front/20528803_front_a01_@2.png", "Brand": "President's Choice", "Url": "https://www.maxi.ca/green-beans/p/20528803_EA", "Sub Category": null, "English Name": "Green Beans", "Size": "340 g", "Size Label": "ea"}, {"Category": "Fresh Cut Fruits & Vegetables", "Aisle": "Fruits & Vegetables", "Sku": "20186654_EA", "Regular Price": "None", "Sale Price": "5.49", "Image": "https://assets.shop.loblaws.ca/products/20186654/b1/en/front/20186654_front_a01_@2.png", "Brand": "President's Choice", "Url": "https://www.maxi.ca/vegetable-medley/p/20186654_EA", "Sub Category": null, "English Name": "Vegetable Medley", "Size": "340 g", "Size Label": "ea"}, {"Category": "Fresh Cut Fruits & Vegetables", "Aisle": "Fruits & Vegetables", "Sku": "20873228_EA", "Regular Price": "None", "Sale Price": "4.99", "Image": "https://assets.shop.loblaws.ca/products/20873228/b1/en/front/20873228_front_a01_@2.png", "Brand": "Love Beets", "Url": "https://www.maxi.ca/cooked-beets/p/20873228_EA", "Sub Category": null, "English Name": "Cooked Beets", "Size": "250 g", "Size Label": "ea"}, {"Category": "Fresh Cut Fruits & Vegetables", "Aisle": "Fruits & Vegetables", "Sku": "21095404_EA", "Regular Price": "None", "Sale Price": "5.99", "Image": "https://assets.shop.loblaws.ca/products/21095404/b1/en/front/21095404_front_a01_@2.png", "Brand": "President's Choice", "Url": "https://www.maxi.ca/ready-veggie-kale-blend/p/21095404_EA", "Sub Category": null, "English Name": "Ready Veggie, Kale Blend", "Size": "340 g", "Size Label": "ea"}, {"Category": "Fresh Cut Fruits & Vegetables", "Aisle": "Fruits & Vegetables", "Sku": "21498231_EA", "Regular Price": "None", "Sale Price": "5.99", "Image": "https://assets.shop.loblaws.ca/products/21498231/b1/en/front/21498231_front_a01_@2.png", "Brand": null, "Url": "https://www.maxi.ca/baby-peeled-carrots/p/21498231_EA", "Sub Category": null, "English Name": "Baby Peeled Carrots", "Size": "454 g", "Size Label": "ea"}, {"Category": "Fresh Cut Fruits & Vegetables", "Aisle": "Fruits & Vegetables", "Sku": "20844433_EA", "Regular Price": "None", "Sale Price": "6.00", "Image": "https://assets.shop.loblaws.ca/products/20844433/b1/en/front/20844433_front_a01_@2.png", "Brand": "Del Monte", "Url": "https://www.maxi.ca/cored-pineapple/p/20844433_EA", "Sub Category": null, "English Name": "Cored Pineapple", "Size": "500 g", "Size Label": "ea"}, {"Category": "Fresh Cut Fruits & Vegetables", "Aisle": "Fruits & Vegetables", "Sku": "20873229_EA", "Regular Price": "None", "Sale Price": "5.99", "Image": "https://assets.shop.loblaws.ca/products/20873229/b1/en/front/20873229_front_a01_@2.png", "Brand": "Love Beets", "Url": "https://www.maxi.ca/organic-cooked-beets/p/20873229_EA", "Sub Category": null, "English Name": "Organic Cooked Beets", "Size": "250 ea", "Size Label": "ea"}, {"Category": "Fresh Cut Fruits & Vegetables", "Aisle": "Fruits & Vegetables", "Sku": "21005311_EA", "Regular Price": "None", "Sale Price": "3.49", "Image": "https://assets.shop.loblaws.ca/products/21005311/b1/en/front/21005311_front_a01_@2.png", "Brand": null, "Url": "https://www.maxi.ca/sliced-leeks/p/21005311_EA", "Sub Category": null, "English Name": "Sliced Leeks", "Size": "1 ea", "Size Label": "ea"}, {"Category": "Dried Fruits & Nuts", "Aisle": "Fruits & Vegetables", "Sku": "20996039_EA", "Regular Price": "None", "Sale Price": "5.99", "Image": "https://assets.shop.loblaws.ca/products/20996039/b1/en/front/20996039_front_a01_@2.png", "Brand": "No Name", "Url": "https://www.maxi.ca/roasted-peanuts-no-salt/p/20996039_EA", "Sub Category": null, "English Name": "Roasted Peanuts, No Salt", "Size": "907 g", "Size Label": "ea"}, {"Category": "Dried Fruits & Nuts", "Aisle": "Fruits & Vegetables", "Sku": "20001686_EA", "Regular Price": "13.00", "Sale Price": "12.00", "Image": "https://assets.shop.loblaws.ca/products/20001686/b1/en/front/20001686_front_a01_@2.png", "Brand": null, "Url": "https://www.maxi.ca/dates-medjool/p/20001686_EA", "Sub Category": null, "English Name": "Dates Medjool", "Size": "907 g", "Size Label": "ea"}, {"Category": "Dried Fruits & Nuts", "Aisle": "Fruits & Vegetables", "Sku": "20940014_EA", "Regular Price": "None", "Sale Price": "4.99", "Image": "https://assets.shop.loblaws.ca/products/20940014/b1/en/front/20940014_front_a01_@2.png", "Brand": "President's Choice", "Url": "https://www.maxi.ca/salted-california-pistachios/p/20940014_EA", "Sub Category": null, "English Name": "Salted California Pistachios", "Size": "225 g", "Size Label": "ea"}, {"Category": "Dried Fruits & Nuts", "Aisle": "Fruits & Vegetables", "Sku": "20037690_EA", "Regular Price": "None", "Sale Price": "3.79", "Image": "https://assets.shop.loblaws.ca/products/20037690/b1/en/front/20037690_front_a01_@2.png", "Brand": null, "Url": "https://www.maxi.ca/dried-turkish-apricots/p/20037690_EA", "Sub Category": null, "English Name": "Dried Turkish Apricots", "Size": "200 g", "Size Label": "ea"}, {"Category": "Dried Fruits & Nuts", "Aisle": "Fruits & Vegetables", "Sku": "20772841_EA", "Regular Price": "None", "Sale Price": "7.29", "Image": "https://assets.shop.loblaws.ca/products/20772841/b1/en/front/20772841_front_a01_@2.png", "Brand": null, "Url": "https://www.maxi.ca/pitted-honey-dates/p/20772841_EA", "Sub Category": null, "English Name": "Pitted Honey Dates", "Size": "907 g", "Size Label": "ea"}, {"Category": "Dried Fruits & Nuts", "Aisle": "Fruits & Vegetables", "Sku": "20599942_EA", "Regular Price": "None", "Sale Price": "3.79", "Image": "https://assets.shop.loblaws.ca/products/20599942/b1/en/front/20599942_front_a01_@2.png", "Brand": "Aurora", "Url": "https://www.maxi.ca/dried-turkish-figs/p/20599942_EA", "Sub Category": null, "English Name": "Dried Turkish Figs", "Size": "200 g", "Size Label": "ea"}, {"Category": "Dried Fruits & Nuts", "Aisle": "Fruits & Vegetables", "Sku": "20048750_EA", "Regular Price": "None", "Sale Price": "9.79", "Image": "https://assets.shop.loblaws.ca/products/20048750/b1/en/front/20048750_front_a01_@2.png", "Brand": "President's Choice", "Url": "https://www.maxi.ca/salted-california-pistachios/p/20048750_EA", "Sub Category": null, "English Name": "Salted California Pistachios", "Size": "454 g", "Size Label": "ea"}, {"Category": "Dried Fruits & Nuts", "Aisle": "Fruits & Vegetables", "Sku": "20997920_EA", "Regular Price": "None", "Sale Price": "3.69", "Image": "https://assets.shop.loblaws.ca/products/20997920/b1/en/front/20997920_front_a01_@2.png", "Brand": "President's Choice", "Url": "https://www.maxi.ca/salted-virginia-peanuts/p/20997920_EA", "Sub Category": null, "English Name": "Salted Virginia Peanuts", "Size": "454 g", "Size Label": "ea"}, {"Category": "Dried Fruits & Nuts", "Aisle": "Fruits & Vegetables", "Sku": "20940332_EA", "Regular Price": "None", "Sale Price": "4.99", "Image": "https://assets.shop.loblaws.ca/products/20940332/b1/en/front/20940332_front_a01_@2.png", "Brand": "PC Blue Menu", "Url": "https://www.maxi.ca/unsalted-california-pistachios/p/20940332_EA", "Sub Category": null, "English Name": "Unsalted California Pistachios ", "Size": "225 g", "Size Label": "ea"}, {"Category": "Dried Fruits & Nuts", "Aisle": "Fruits & Vegetables", "Sku": "21220378_EA", "Regular Price": "None", "Sale Price": "8.99", "Image": "https://assets.shop.loblaws.ca/products/21220378/b1/en/front/21220378_front_a01_@2.png", "Brand": "Paramount", "Url": "https://www.maxi.ca/pistachios-no-shells-roasted-light-salt/p/21220378_EA", "Sub Category": null, "English Name": "Pistachios No Shells Roasted Light Salt", "Size": "170 g", "Size Label": "ea"}, {"Category": "Dried Fruits & Nuts", "Aisle": "Fruits & Vegetables", "Sku": "21085963001_EA", "Regular Price": "None", "Sale Price": "6.49", "Image": "https://assets.shop.loblaws.ca/products/21085963001/b1/en/front/21085963001_front_a01_@2.png", "Brand": "Paramount", "Url": "https://www.maxi.ca/wonderful-pistachios-roasted-salted/p/21085963001_EA", "Sub Category": null, "English Name": "Wonderful Pistachios, Roasted & Salted", "Size": "225 g", "Size Label": "ea"}, {"Category": "Dried Fruits & Nuts", "Aisle": "Fruits & Vegetables", "Sku": "20629481_EA", "Regular Price": "None", "Sale Price": "6.49", "Image": "https://assets.shop.loblaws.ca/products/20629481/b1/en/front/20629481_front_a01_@2.png", "Brand": "Paramount", "Url": "https://www.maxi.ca/wonderful-pistachios-sweet-chili/p/20629481_EA", "Sub Category": null, "English Name": "Wonderful Pistachios, Sweet Chili", "Size": "200 g", "Size Label": "ea"}, {"Category": "Dried Fruits & Nuts", "Aisle": "Fruits & Vegetables", "Sku": "20126522_EA", "Regular Price": "None", "Sale Price": "9.79", "Image": "https://assets.shop.loblaws.ca/products/20126522/b1/en/front/20126522_front_a01_@2.png", "Brand": "PC Blue Menu", "Url": "https://www.maxi.ca/unsalted-california-pistachios/p/20126522_EA", "Sub Category": null, "English Name": "Unsalted California Pistachios ", "Size": "454 g", "Size Label": "ea"}, {"Category": "Dried Fruits & Nuts", "Aisle": "Fruits & Vegetables", "Sku": "20339219_EA", "Regular Price": "None", "Sale Price": "6.49", "Image": "https://assets.shop.loblaws.ca/products/20339219/b1/en/front/20339219_front_a01_@2.png", "Brand": "Paramount", "Url": "https://www.maxi.ca/pistachios-salt-pepper/p/20339219_EA", "Sub Category": null, "English Name": "Pistachios, Salt & Pepper", "Size": "200 g", "Size Label": "ea"}, {"Category": "Dried Fruits & Nuts", "Aisle": "Fruits & Vegetables", "Sku": "20029024_EA", "Regular Price": "None", "Sale Price": "3.49", "Image": "https://assets.shop.loblaws.ca/products/20029024/b1/en/front/20029024_front_a01_@2.png", "Brand": null, "Url": "https://www.maxi.ca/honey-pitted-dates/p/20029024_EA", "Sub Category": null, "English Name": "Honey Pitted Dates", "Size": "350 g", "Size Label": "ea"}, {"Category": "Dried Fruits & Nuts", "Aisle": "Fruits & Vegetables", "Sku": "21097786001_EA", "Regular Price": "None", "Sale Price": "6.99", "Image": "https://assets.shop.loblaws.ca/products/21097786001/b1/en/front/21097786001_front_a01_@2.png", "Brand": null, "Url": "https://www.maxi.ca/bard-valley-natural-delights-pitted-medjool-dates/p/21097786001_EA", "Sub Category": null, "English Name": "Bard Valley Natural Delights Pitted Medjool Dates", "Size": "340 g", "Size Label": "ea"}, {"Category": "Dried Fruits & Nuts", "Aisle": "Fruits & Vegetables", "Sku": "21368101_EA", "Regular Price": "None", "Sale Price": "8.99", "Image": "https://assets.shop.loblaws.ca/products/21368101/b1/en/front/21368101_front_a01_@2.png", "Brand": "Paramount", "Url": "https://www.maxi.ca/no-shell-pistachios-sea-salt-vinegar/p/21368101_EA", "Sub Category": null, "English Name": "No shell Pistachios, Sea Salt & Vinegar", "Size": "155 g", "Size Label": "ea"}, {"Category": "Dried Fruits & Nuts", "Aisle": "Fruits & Vegetables", "Sku": "20123893001_KG", "Regular Price": "None", "Sale Price": "0.22", "Image": "https://assets.shop.loblaws.ca/products/20123893001/b1/en/front/20123893001_front_a01_@2.png", "Brand": null, "Url": "https://www.maxi.ca/walnuts/p/20123893001_KG", "Sub Category": null, "English Name": "Walnuts", "Size": "$4.39/1kg $0.44/100g", "Size Label": "g"}, {"Category": "Dried Fruits & Nuts", "Aisle": "Fruits & Vegetables", "Sku": "21087137001_EA", "Regular Price": "None", "Sale Price": "8.99", "Image": "https://assets.shop.loblaws.ca/products/21087137001/b1/en/front/21087137001_front_a01_@2.png", "Brand": null, "Url": "https://www.maxi.ca/wonderful-pistachios-shelled/p/21087137001_EA", "Sub Category": null, "English Name": "Wonderful Pistachios, Shelled", "Size": "170 g", "Size Label": "ea"}, {"Category": "Dried Fruits & Nuts", "Aisle": "Fruits & Vegetables", "Sku": "21220373_EA", "Regular Price": "None", "Sale Price": "8.99", "Image": "https://assets.shop.loblaws.ca/products/21220373/b1/en/front/21220373_front_a01_@2.png", "Brand": "Paramount", "Url": "https://www.maxi.ca/pistachios-no-shells-chili-roasted/p/21220373_EA", "Sub Category": null, "English Name": "Pistachios No Shells Chili Roasted", "Size": "155 g", "Size Label": "ea"}, {"Category": "Dried Fruits & Nuts", "Aisle": "Fruits & Vegetables", "Sku": "21018439_EA", "Regular Price": "None", "Sale Price": "6.49", "Image": "https://assets.shop.loblaws.ca/products/21018439/b1/en/front/21018439_front_a01_@2.png", "Brand": "Paramount", "Url": "https://www.maxi.ca/pistachios-roasted-unsalted/p/21018439_EA", "Sub Category": null, "English Name": "Pistachios, Roasted & Unsalted", "Size": "225 g", "Size Label": "ea"}, {"Category": "Dried Fruits & Nuts", "Aisle": "Fruits & Vegetables", "Sku": "21469201_EA", "Regular Price": "None", "Sale Price": "8.29", "Image": "https://assets.shop.loblaws.ca/products/21469201/b1/en/front/21469201_front_a01_@2.png", "Brand": "President's Choice", "Url": "https://www.maxi.ca/dry-roasted-sea-salt-pistachios/p/21469201_EA", "Sub Category": null, "English Name": "Dry Roasted Sea Salt Pistachios", "Size": "170 g", "Size Label": "ea"}, {"Category": "Dried Fruits & Nuts", "Aisle": "Fruits & Vegetables", "Sku": "20061606001_KG", "Regular Price": "None", "Sale Price": "0.77", "Image": "https://assets.shop.loblaws.ca/products/20061606001/b1/en/front/20061606001_front_a01_@2.png", "Brand": null, "Url": "https://www.maxi.ca/large-chestnuts/p/20061606001_KG", "Sub Category": null, "English Name": "Large Chestnuts", "Size": "$1.54/100g $15.41/1kg", "Size Label": "g"}, {"Category": "Dried Fruits & Nuts", "Aisle": "Fruits & Vegetables", "Sku": "21368090_EA", "Regular Price": "None", "Sale Price": "8.99", "Image": "https://assets.shop.loblaws.ca/products/21368090/b1/en/front/21368090_front_a01_@2.png", "Brand": "Paramount", "Url": "https://www.maxi.ca/no-shell-bbq-pistachios/p/21368090_EA", "Sub Category": null, "English Name": "No shell BBQ Pistachios", "Size": "155 g", "Size Label": "ea"}, {"Category": "Dried Fruits & Nuts", "Aisle": "Fruits & Vegetables", "Sku": "21368081_EA", "Regular Price": "None", "Sale Price": "11.99", "Image": "https://assets.shop.loblaws.ca/products/21368081/b1/en/front/21368081_front_a01_@2.png", "Brand": "Paramount", "Url": "https://www.maxi.ca/pistachios-lightly-salted/p/21368081_EA", "Sub Category": null, "English Name": "Pistachios Lightly Salted", "Size": "450 g", "Size Label": "ea"}, {"Category": "Dried Fruits & Nuts", "Aisle": "Fruits & Vegetables", "Sku": "21469218_EA", "Regular Price": "None", "Sale Price": "8.29", "Image": "https://assets.shop.loblaws.ca/products/21469218/b1/en/front/21469218_front_a01_@2.png", "Brand": "President's Choice", "Url": "https://www.maxi.ca/honey-roasted-pistachios/p/21469218_EA", "Sub Category": null, "English Name": "Honey Roasted Pistachios", "Size": "155 g", "Size Label": "ea"}, {"Category": "Dried Fruits & Nuts", "Aisle": "Fruits & Vegetables", "Sku": "21313459001_EA", "Regular Price": "None", "Sale Price": "4.99", "Image": "https://assets.shop.loblaws.ca/products/21313459001/b1/en/front/21313459001_front_a01_@2.png", "Brand": "President's Choice", "Url": "https://www.maxi.ca/mixed-nuts/p/21313459001_EA", "Sub Category": null, "English Name": "Mixed Nuts", "Size": "0.454 kg", "Size Label": "ea"}, {"Category": "Dried Fruits & Nuts", "Aisle": "Fruits & Vegetables", "Sku": "21313449001_EA", "Regular Price": "None", "Sale Price": "4.99", "Image": "https://assets.shop.loblaws.ca/products/21313449001/b1/en/front/21313449001_front_a01_@2.png", "Brand": "President's Choice", "Url": "https://www.maxi.ca/walnuts/p/21313449001_EA", "Sub Category": null, "English Name": "Walnuts", "Size": "0.454 kg", "Size Label": "ea"}, {"Category": "Dried Fruits & Nuts", "Aisle": "Fruits & Vegetables", "Sku": "20416963_EA", "Regular Price": "None", "Sale Price": "1.49", "Image": "https://assets.shop.loblaws.ca/products/20416963/b1/en/front/20416963_front_a01_@2.png", "Brand": null, "Url": "https://www.maxi.ca/compass-tunisian-dates/p/20416963_EA", "Sub Category": null, "English Name": "Compass Tunisian Dates", "Size": "200 g", "Size Label": "ea"}, {"Category": "Dried Fruits & Nuts", "Aisle": "Fruits & Vegetables", "Sku": "21339135_EA", "Regular Price": "None", "Sale Price": "2.99", "Image": "https://assets.loblaws.ca/pcx_bronx_fe_assets/images/common/coming-soon-en-web.png", "Brand": null, "Url": "https://www.maxi.ca/apricot-dried/p/21339135_EA", "Sub Category": null, "English Name": "Apricot Dried", "Size": "200 g", "Size Label": "ea"}, {"Category": "Fresh Juice & Smoothies", "Aisle": "Fruits & Vegetables", "Sku": "20069494_EA", "Regular Price": "None", "Sale Price": "8.99", "Image": "https://assets.shop.loblaws.ca/products/20069494/b1/en/front/20069494_front_a01_@2.png", "Brand": "Bolthouse", "Url": "https://www.maxi.ca/green-goodness/p/20069494_EA", "Sub Category": null, "English Name": "Green Goodness", "Size": "1.54 l", "Size Label": "ea"}, {"Category": "Fresh Juice & Smoothies", "Aisle": "Fruits & Vegetables", "Sku": "20036041_EA", "Regular Price": "None", "Sale Price": "8.99", "Image": "https://assets.shop.loblaws.ca/products/20036041/b1/en/front/20036041_front_a01_@2.png", "Brand": "Bolthouse", "Url": "https://www.maxi.ca/100-carrot/p/20036041_EA", "Sub Category": null, "English Name": "100% Carrot", "Size": "1.54 l", "Size Label": "ea"}, {"Category": "Fresh Juice & Smoothies", "Aisle": "Fruits & Vegetables", "Sku": "20123288_EA", "Regular Price": "None", "Sale Price": "12.99", "Image": "https://assets.shop.loblaws.ca/products/20123288/b1/en/front/20123288_front_a01_@2.png", "Brand": "POM Wonderful", "Url": "https://www.maxi.ca/100-pomegranate-juice/p/20123288_EA", "Sub Category": null, "English Name": "100% Pomegranate Juice", "Size": "1.4 l", "Size Label": "ea"}, {"Category": "Fresh Juice & Smoothies", "Aisle": "Fruits & Vegetables", "Sku": "20325816_EA", "Regular Price": "None", "Sale Price": "7.49", "Image": "https://assets.shop.loblaws.ca/products/20325816/b1/en/front/20325816_front_a01_@2.png", "Brand": "Bolthouse", "Url": "https://www.maxi.ca/berry-boost/p/20325816_EA", "Sub Category": null, "English Name": "Berry Boost", "Size": "946 ml", "Size Label": "ea"}, {"Category": "Fresh Juice & Smoothies", "Aisle": "Fruits & Vegetables", "Sku": "20316397_EA", "Regular Price": "None", "Sale Price": "7.49", "Image": "https://assets.shop.loblaws.ca/products/20316397/b1/en/front/20316397_front_a01_@2.png", "Brand": "Bolthouse", "Url": "https://www.maxi.ca/strawberry-banana/p/20316397_EA", "Sub Category": null, "English Name": "Strawberry Banana", "Size": "946 ml", "Size Label": "ea"}, {"Category": "Fresh Juice & Smoothies", "Aisle": "Fruits & Vegetables", "Sku": "20310231_EA", "Regular Price": "None", "Sale Price": "5.49", "Image": "https://assets.shop.loblaws.ca/products/20310231/b1/en/front/20310231_front_a01_@2.png", "Brand": "POM Wonderful", "Url": "https://www.maxi.ca/100-pomegranate-juice/p/20310231_EA", "Sub Category": null, "English Name": "100% Pomegranate Juice", "Size": "473 ml", "Size Label": "ea"}, {"Category": "Fresh Juice & Smoothies", "Aisle": "Fruits & Vegetables", "Sku": "20288525_EA", "Regular Price": "None", "Sale Price": "8.99", "Image": "https://assets.shop.loblaws.ca/products/20288525/b1/en/front/20288525_front_a01_@2.png", "Brand": "Bolthouse", "Url": "https://www.maxi.ca/strawberry-banana/p/20288525_EA", "Sub Category": null, "English Name": "Strawberry Banana", "Size": "1.54 l", "Size Label": "ea"}, {"Category": "Fresh Juice & Smoothies", "Aisle": "Fruits & Vegetables", "Sku": "21290793_EA", "Regular Price": "None", "Sale Price": "7.49", "Image": "https://assets.shop.loblaws.ca/products/21290793/b1/en/front/21290793_front_a01_@2.png", "Brand": "Bolthouse", "Url": "https://www.maxi.ca/daily-greens/p/21290793_EA", "Sub Category": null, "English Name": "Daily Greens", "Size": "946 ml", "Size Label": "ea"}, {"Category": "Fresh Juice & Smoothies", "Aisle": "Fruits & Vegetables", "Sku": "20164122_EA", "Regular Price": "None", "Sale Price": "7.49", "Image": "https://assets.shop.loblaws.ca/products/20164122/b1/en/front/20164122_front_a01_@2.png", "Brand": "Bolthouse", "Url": "https://www.maxi.ca/100-carrot/p/20164122_EA", "Sub Category": null, "English Name": "100% Carrot", "Size": "946 ml", "Size Label": "ea"}, {"Category": "Fresh Juice & Smoothies", "Aisle": "Fruits & Vegetables", "Sku": "20589752_EA", "Regular Price": "None", "Sale Price": "11.99", "Image": "https://assets.shop.loblaws.ca/products/20589752/b1/en/front/20589752_front_a01_@2.png", "Brand": "Bolthouse", "Url": "https://www.maxi.ca/juice-100-pomegranate/p/20589752_EA", "Sub Category": null, "English Name": "Juice, 100% Pomegranate", "Size": "1.54 l", "Size Label": "ea"}, {"Category": "Fresh Juice & Smoothies", "Aisle": "Fruits & Vegetables", "Sku": "20312999_EA", "Regular Price": "None", "Sale Price": "7.49", "Image": "https://assets.shop.loblaws.ca/products/20312999/b1/en/front/20312999_front_a01_@2.png", "Brand": "Bolthouse", "Url": "https://www.maxi.ca/mocha-cappuccino/p/20312999_EA", "Sub Category": null, "English Name": "Mocha Cappuccino", "Size": "946 ml", "Size Label": "ea"}, {"Category": "Fresh Juice & Smoothies", "Aisle": "Fruits & Vegetables", "Sku": "21548436_EA", "Regular Price": "None", "Sale Price": "4.49", "Image": "https://assets.shop.loblaws.ca/products/21548436/b1/en/front/21548436_front_a01_@2.png", "Brand": "Tradition", "Url": "https://www.maxi.ca/sweet-apple-cider-no-sugar-added/p/21548436_EA", "Sub Category": null, "English Name": "Sweet Apple Cider, No Sugar Added", "Size": "1.5 l", "Size Label": "ea"}, {"Category": "Fresh Juice & Smoothies", "Aisle": "Fruits & Vegetables", "Sku": "20609213_EA", "Regular Price": "None", "Sale Price": "7.49", "Image": "https://assets.shop.loblaws.ca/products/20609213/b1/en/front/20609213_front_a01_@2.png", "Brand": "POM Wonderful", "Url": "https://www.maxi.ca/pomegranate-juice/p/20609213_EA", "Sub Category": null, "English Name": "Pomegranate Juice", "Size": "710 ml", "Size Label": "ea"}, {"Category": "Fresh Juice & Smoothies", "Aisle": "Fruits & Vegetables", "Sku": "20181926_EA", "Regular Price": "None", "Sale Price": "6.99", "Image": "https://assets.shop.loblaws.ca/products/20181926/b1/en/front/20181926_front_a01_@2.png", "Brand": "Tradition", "Url": "https://www.maxi.ca/juice-apple/p/20181926_EA", "Sub Category": null, "English Name": "Juice, Apple", "Size": "3.78 l", "Size Label": "ea"}, {"Category": "Fresh Juice & Smoothies", "Aisle": "Fruits & Vegetables", "Sku": "21548406_EA", "Regular Price": "None", "Sale Price": "4.49", "Image": "https://assets.shop.loblaws.ca/products/21548406/b1/en/front/21548406_front_a01_@2.png", "Brand": "Tradition", "Url": "https://www.maxi.ca/juice-apple-grape/p/21548406_EA", "Sub Category": null, "English Name": "Juice, Apple & Grape", "Size": "1.5 l", "Size Label": "ea"}, {"Category": "Fresh Juice & Smoothies", "Aisle": "Fruits & Vegetables", "Sku": "21548425_EA", "Regular Price": "None", "Sale Price": "4.49", "Image": "https://assets.shop.loblaws.ca/products/21548425/b1/en/front/21548425_front_a01_@2.png", "Brand": "Tradition", "Url": "https://www.maxi.ca/100-juice-the-exotic/p/21548425_EA", "Sub Category": null, "English Name": "100% Juice, The Exotic", "Size": "1.5 l", "Size Label": "ea"}, {"Category": "Fresh Juice & Smoothies", "Aisle": "Fruits & Vegetables", "Sku": "21484655_EA", "Regular Price": "None", "Sale Price": "7.99", "Image": "https://assets.shop.loblaws.ca/products/21484655/b1/en/front/21484655_front_a01_@2.png", "Brand": "POM Wonderful", "Url": "https://www.maxi.ca/super-tea-pomegranate-peach-passion-white-tea/p/21484655_EA", "Sub Category": null, "English Name": "Super Tea Pomegranate Peach Passion White Tea", "Size": "1.4 l", "Size Label": "ea"}, {"Category": "Fresh Juice & Smoothies", "Aisle": "Fruits & Vegetables", "Sku": "21548426_EA", "Regular Price": "None", "Sale Price": "4.49", "Image": "https://assets.shop.loblaws.ca/products/21548426/b1/en/front/21548426_front_a01_@2.png", "Brand": "Tradition", "Url": "https://www.maxi.ca/cocktail-apple-peach/p/21548426_EA", "Sub Category": null, "English Name": "Cocktail, Apple & Peach", "Size": "1.5 l", "Size Label": "ea"}, {"Category": "Fresh Juice & Smoothies", "Aisle": "Fruits & Vegetables", "Sku": "21548415_EA", "Regular Price": "None", "Sale Price": "4.49", "Image": "https://assets.shop.loblaws.ca/products/21548415/b1/en/front/21548415_front_a01_@2.png", "Brand": "Tradition", "Url": "https://www.maxi.ca/juice-apple-pear-no-sugar-added/p/21548415_EA", "Sub Category": null, "English Name": "Juice, Apple & Pear, No Sugar Added", "Size": "1.5 l", "Size Label": "ea"}, {"Category": "Fresh Juice & Smoothies", "Aisle": "Fruits & Vegetables", "Sku": "21548411_EA", "Regular Price": "None", "Sale Price": "4.49", "Image": "https://assets.shop.loblaws.ca/products/21548411/b1/en/front/21548411_front_a01_@2.png", "Brand": "Tradition", "Url": "https://www.maxi.ca/lemonade/p/21548411_EA", "Sub Category": null, "English Name": "Lemonade", "Size": "1.5 l", "Size Label": "ea"}, {"Category": "Fresh Juice & Smoothies", "Aisle": "Fruits & Vegetables", "Sku": "21548422_EA", "Regular Price": "None", "Sale Price": "4.49", "Image": "https://assets.shop.loblaws.ca/products/21548422/b1/en/front/21548422_front_a01_@2.png", "Brand": "Tradition", "Url": "https://www.maxi.ca/100-juice-the-early-riser/p/21548422_EA", "Sub Category": null, "English Name": "100% Juice, The Early Riser", "Size": "1.5 l", "Size Label": "ea"}, {"Category": "Fresh Juice & Smoothies", "Aisle": "Fruits & Vegetables", "Sku": "21548420_EA", "Regular Price": "None", "Sale Price": "4.49", "Image": "https://assets.shop.loblaws.ca/products/21548420/b1/en/front/21548420_front_a01_@2.png", "Brand": "Tradition", "Url": "https://www.maxi.ca/cocktail-apple-cranberry/p/21548420_EA", "Sub Category": null, "English Name": "Cocktail, Apple & Cranberry", "Size": "1.5 l", "Size Label": "ea"}, {"Category": "In-Store Salads", "Aisle": "Fruits & Vegetables", "Sku": "20057215_EA", "Regular Price": "None", "Sale Price": "5.99", "Image": "https://assets.shop.loblaws.ca/products/20057215/b1/en/front/20057215_front_a01_@2.png", "Brand": "Fontaine Sante", "Url": "https://www.maxi.ca/tabbouleh-salad/p/20057215_EA", "Sub Category": null, "English Name": "Tabbouleh Salad", "Size": "350 g", "Size Label": "ea"}, {"Category": "Butter & Spreads", "Aisle": "Dairy & Eggs", "Sku": "20639926_EA", "Regular Price": "None", "Sale Price": "8.29", "Image": "https://assets.shop.loblaws.ca/products/20639926/b1/en/front/20639926_front_a01_@2.png", "Brand": "Lactantia", "Url": "https://www.maxi.ca/fresh-churned-butter-salted/p/20639926_EA", "Sub Category": null, "English Name": "Fresh Churned Butter, Salted", "Size": "454 g", "Size Label": "ea"}, {"Category": "Butter & Spreads", "Aisle": "Dairy & Eggs", "Sku": "20325029_EA", "Regular Price": "None", "Sale Price": "6.49", "Image": "https://assets.shop.loblaws.ca/products/20325029/b1/en/front/20325029_front_a01_@2.png", "Brand": "No Name", "Url": "https://www.maxi.ca/salted-butter/p/20325029_EA", "Sub Category": null, "English Name": "Salted Butter", "Size": "454 g", "Size Label": "ea"}, {"Category": "Butter & Spreads", "Aisle": "Dairy & Eggs", "Sku": "20296112005_EA", "Regular Price": "None", "Sale Price": "7.79", "Image": "https://assets.shop.loblaws.ca/products/20296112005/b1/en/front/20296112005_front_a01_@2.png", "Brand": "Lactantia", "Url": "https://www.maxi.ca/unsalted-butter/p/20296112005_EA", "Sub Category": null, "English Name": "Unsalted Butter", "Size": "454 g", "Size Label": "ea"}, {"Category": "Butter & Spreads", "Aisle": "Dairy & Eggs", "Sku": "20316543002_EA", "Regular Price": "None", "Sale Price": "6.49", "Image": "https://assets.shop.loblaws.ca/products/20316543002/b1/en/front/20316543002_front_a01_@2.png", "Brand": "No Name", "Url": "https://www.maxi.ca/unsalted-butter/p/20316543002_EA", "Sub Category": null, "English Name": "Unsalted Butter", "Size": "454 g", "Size Label": "ea"}, {"Category": "Butter & Spreads", "Aisle": "Dairy & Eggs", "Sku": "20297818002_EA", "Regular Price": "None", "Sale Price": "8.49", "Image": "https://assets.shop.loblaws.ca/products/20297818002/b1/en/front/20297818002_front_a01_@2.png", "Brand": "Becel", "Url": "https://www.maxi.ca/margarine-original/p/20297818002_EA", "Sub Category": null, "English Name": "Margarine Original", "Size": "850 g", "Size Label": "ea"}, {"Category": "Butter & Spreads", "Aisle": "Dairy & Eggs", "Sku": "20296112003_EA", "Regular Price": "None", "Sale Price": "7.79", "Image": "https://assets.shop.loblaws.ca/products/20296112003/b1/en/front/20296112003_front_a01_@2.png", "Brand": "Lactantia", "Url": "https://www.maxi.ca/semi-salted-butter/p/20296112003_EA", "Sub Category": null, "English Name": "Semi Salted Butter", "Size": "454 g", "Size Label": "ea"}, {"Category": "Butter & Spreads", "Aisle": "Dairy & Eggs", "Sku": "21279389_EA", "Regular Price": "None", "Sale Price": "8.49", "Image": "https://assets.shop.loblaws.ca/products/21279389/b1/en/front/21279389_front_a01_@2.png", "Brand": "Becel", "Url": "https://www.maxi.ca/margarine-with-olive-oil/p/21279389_EA", "Sub Category": null, "English Name": "Margarine with Olive Oil", "Size": "850 g", "Size Label": "ea"}, {"Category": "Butter & Spreads", "Aisle": "Dairy & Eggs", "Sku": "20313456001_EA", "Regular Price": "None", "Sale Price": "7.99", "Image": "https://assets.shop.loblaws.ca/products/20313456001/b1/en/front/20313456001_front_a01_@2.png", "Brand": "President's Choice", "Url": "https://www.maxi.ca/country-churned-unsalted-butter/p/20313456001_EA", "Sub Category": null, "English Name": "Country Churned Unsalted Butter ", "Size": "454 g", "Size Label": "ea"}, {"Category": "Butter & Spreads", "Aisle": "Dairy & Eggs", "Sku": "20056675_EA", "Regular Price": "None", "Sale Price": "7.49", "Image": "https://assets.shop.loblaws.ca/products/20056675/b1/en/front/20056675_front_a01_@2.png", "Brand": "Lactantia", "Url": "https://www.maxi.ca/my-country-butter-sticks-unsalted/p/20056675_EA", "Sub Category": null, "English Name": "My Country Butter Sticks, Unsalted", "Size": "4x113.5 g", "Size Label": "ea"}, {"Category": "Butter & Spreads", "Aisle": "Dairy & Eggs", "Sku": "20322707001_EA", "Regular Price": "None", "Sale Price": "4.99", "Image": "https://assets.shop.loblaws.ca/products/20322707001/b1/en/front/20322707001_front_a01_@2.png", "Brand": "Becel", "Url": "https://www.maxi.ca/margarine-original/p/20322707001_EA", "Sub Category": null, "English Name": "Margarine Original", "Size": "427 g", "Size Label": "ea"}, {"Category": "Butter & Spreads", "Aisle": "Dairy & Eggs", "Sku": "20604430_EA", "Regular Price": "None", "Sale Price": "5.99", "Image": "https://assets.shop.loblaws.ca/products/20604430/b1/en/front/20604430_front_a01_@2.png", "Brand": "PC Blue Menu", "Url": "https://www.maxi.ca/blue-menu-margarine-with-olive-oil/p/20604430_EA", "Sub Category": null, "English Name": "Blue Menu Margarine with Olive Oil", "Size": "907 g", "Size Label": "ea"}, {"Category": "Butter & Spreads", "Aisle": "Dairy & Eggs", "Sku": "21279391_EA", "Regular Price": "None", "Sale Price": "4.99", "Image": "https://assets.shop.loblaws.ca/products/21279391/b1/en/front/21279391_front_a01_@2.png", "Brand": "Becel", "Url": "https://www.maxi.ca/margarine-with-olive-oil/p/21279391_EA", "Sub Category": null, "English Name": "Margarine with Olive Oil", "Size": "454 g", "Size Label": "ea"}, {"Category": "Butter & Spreads", "Aisle": "Dairy & Eggs", "Sku": "20106744_EA", "Regular Price": "None", "Sale Price": "3.79", "Image": "https://assets.shop.loblaws.ca/products/20106744/b1/en/front/20106744_front_a01_@2.png", "Brand": "Lactantia", "Url": "https://www.maxi.ca/provencal-garlic-butter/p/20106744_EA", "Sub Category": null, "English Name": "Provencal Garlic Butter", "Size": "125 g", "Size Label": "ea"}, {"Category": "Butter & Spreads", "Aisle": "Dairy & Eggs", "Sku": "21048044_EA", "Regular Price": "None", "Sale Price": "7.49", "Image": "https://assets.shop.loblaws.ca/products/21048044/b1/en/front/21048044_front_a01_@2.png", "Brand": "Lactantia", "Url": "https://www.maxi.ca/butter-sticks-salted-with-sea-salt/p/21048044_EA", "Sub Category": null, "English Name": "Butter Sticks Salted with Sea Salt", "Size": "454 g", "Size Label": "ea"}, {"Category": "Butter & Spreads", "Aisle": "Dairy & Eggs", "Sku": "21044725_EA", "Regular Price": "None", "Sale Price": "8.49", "Image": "https://assets.shop.loblaws.ca/products/21044725/b1/en/front/21044725_front_a01_@2.png", "Brand": "Becel", "Url": "https://www.maxi.ca/margarine-with-avocado-oil/p/21044725_EA", "Sub Category": null, "English Name": "Margarine with Avocado Oil", "Size": "850 g", "Size Label": "ea"}, {"Category": "Butter & Spreads", "Aisle": "Dairy & Eggs", "Sku": "20604565_EA", "Regular Price": "None", "Sale Price": "5.99", "Image": "https://assets.shop.loblaws.ca/products/20604565/b1/en/front/20604565_front_a01_@2.png", "Brand": "PC Blue Menu", "Url": "https://www.maxi.ca/blue-menu-original-margarine/p/20604565_EA", "Sub Category": null, "English Name": "Blue Menu Original Margarine", "Size": "907 g", "Size Label": "ea"}, {"Category": "Butter & Spreads", "Aisle": "Dairy & Eggs", "Sku": "21279330_EA", "Regular Price": "None", "Sale Price": "4.99", "Image": "https://assets.shop.loblaws.ca/products/21279330/b1/en/front/21279330_front_a01_@2.png", "Brand": "Becel", "Url": "https://www.maxi.ca/margarine-vegan/p/21279330_EA", "Sub Category": null, "English Name": "Margarine Vegan", "Size": "427 g", "Size Label": "ea"}, {"Category": "Butter & Spreads", "Aisle": "Dairy & Eggs", "Sku": "20297818003_EA", "Regular Price": "None", "Sale Price": "8.49", "Image": "https://assets.shop.loblaws.ca/products/20297818003/b1/en/front/20297818003_front_a01_@2.png", "Brand": "Becel", "Url": "https://www.maxi.ca/calorie-reduced-margarine-light/p/20297818003_EA", "Sub Category": null, "English Name": "Calorie-Reduced Margarine Light", "Size": "907 g", "Size Label": "ea"}, {"Category": "Butter & Spreads", "Aisle": "Dairy & Eggs", "Sku": "20218912_EA", "Regular Price": "None", "Sale Price": "2.49", "Image": "https://assets.shop.loblaws.ca/products/20218912/b1/en/front/20218912_front_a01_@2.png", "Brand": "Lactantia", "Url": "https://www.maxi.ca/traditional-spread/p/20218912_EA", "Sub Category": null, "English Name": "Traditional Spread", "Size": "427 g", "Size Label": "ea"}, {"Category": "Butter & Spreads", "Aisle": "Dairy & Eggs", "Sku": "21088940_EA", "Regular Price": "None", "Sale Price": "4.99", "Image": "https://assets.shop.loblaws.ca/products/21088940/b1/en/front/21088940_front_a01_@2.png", "Brand": "Becel", "Url": "https://www.maxi.ca/margarine-unsalted-plant-based-sticks/p/21088940_EA", "Sub Category": null, "English Name": "Margarine Unsalted Plant-Based Sticks", "Size": "454 g", "Size Label": "ea"}, {"Category": "Butter & Spreads", "Aisle": "Dairy & Eggs", "Sku": "21381941_EA", "Regular Price": "None", "Sale Price": "4.29", "Image": "https://assets.shop.loblaws.ca/products/21381941/b1/en/front/21381941_front_a01_@2.png", "Brand": "President's Choice", "Url": "https://www.maxi.ca/plant-based-butter-alternative-salted/p/21381941_EA", "Sub Category": null, "English Name": "Plant Based Butter Alternative Salted", "Size": "454 g", "Size Label": "ea"}, {"Category": "Butter & Spreads", "Aisle": "Dairy & Eggs", "Sku": "21044719_EA", "Regular Price": "None", "Sale Price": "4.99", "Image": "https://assets.shop.loblaws.ca/products/21044719/b1/en/front/21044719_front_a01_@2.png", "Brand": "Becel", "Url": "https://www.maxi.ca/margarine-with-avocado-oil/p/21044719_EA", "Sub Category": null, "English Name": "Margarine with Avocado Oil", "Size": "427 g", "Size Label": "ea"}, {"Category": "Butter & Spreads", "Aisle": "Dairy & Eggs", "Sku": "20319885001_EA", "Regular Price": "None", "Sale Price": "6.49", "Image": "https://assets.shop.loblaws.ca/products/20319885001/b1/en/front/20319885001_front_a01_@2.png", "Brand": "PC Organics", "Url": "https://www.maxi.ca/organic-fresh-churned-butter-unsalted/p/20319885001_EA", "Sub Category": null, "English Name": "Organic Fresh Churned Butter, Unsalted", "Size": "250 g", "Size Label": "ea"}, {"Category": "Butter & Spreads", "Aisle": "Dairy & Eggs", "Sku": "21088919_EA", "Regular Price": "None", "Sale Price": "4.99", "Image": "https://assets.shop.loblaws.ca/products/21088919/b1/en/front/21088919_front_a01_@2.png", "Brand": "Becel", "Url": "https://www.maxi.ca/margarine-salted-plant-based-sticks/p/21088919_EA", "Sub Category": null, "English Name": "Margarine Salted Plant-Based Sticks", "Size": "454 g", "Size Label": "ea"}, {"Category": "Butter & Spreads", "Aisle": "Dairy & Eggs", "Sku": "21279365_EA", "Regular Price": "None", "Sale Price": "5.99", "Image": "https://assets.shop.loblaws.ca/products/21279365/b1/en/front/21279365_front_a01_@2.png", "Brand": "Becel", "Url": "https://www.maxi.ca/plant-butter-salted/p/21279365_EA", "Sub Category": null, "English Name": "Plant Butter, Salted", "Size": "454 g", "Size Label": "ea"}, {"Category": "Butter & Spreads", "Aisle": "Dairy & Eggs", "Sku": "20288193_EA", "Regular Price": "None", "Sale Price": "6.99", "Image": "https://assets.shop.loblaws.ca/products/20288193/b1/en/front/20288193_front_a01_@2.png", "Brand": "Earth Balance", "Url": "https://www.maxi.ca/soy-free-buttery-spread/p/20288193_EA", "Sub Category": null, "English Name": "Soy Free Buttery Spread    ", "Size": "425 g", "Size Label": "ea"}, {"Category": "Butter & Spreads", "Aisle": "Dairy & Eggs", "Sku": "20319885002_EA", "Regular Price": "None", "Sale Price": "6.49", "Image": "https://assets.shop.loblaws.ca/products/20319885002/b1/en/front/20319885002_front_a01_@2.png", "Brand": "PC Organics", "Url": "https://www.maxi.ca/organic-fresh-churned-butter-salted/p/20319885002_EA", "Sub Category": null, "English Name": "Organic Fresh Churned Butter, Salted", "Size": "250 g", "Size Label": "ea"}, {"Category": "Butter & Spreads", "Aisle": "Dairy & Eggs", "Sku": "20074944_EA", "Regular Price": "None", "Sale Price": "6.79", "Image": "https://assets.shop.loblaws.ca/products/20074944/b1/en/front/20074944_front_a01_@2.png", "Brand": "Golden Gate", "Url": "https://www.maxi.ca/mirage-margarine/p/20074944_EA", "Sub Category": null, "English Name": "Mirage Margarine", "Size": "907 g", "Size Label": "ea"}, {"Category": "Butter & Spreads", "Aisle": "Dairy & Eggs", "Sku": "21535351_EA", "Regular Price": "None", "Sale Price": "6.99", "Image": "https://assets.shop.loblaws.ca/products/21535351/b1/en/front/21535351_front_a01_@2.png", "Brand": "Imperial", "Url": "https://www.maxi.ca/55-vegetable-oil-margarine-non-hydrogenated/p/21535351_EA", "Sub Category": null, "English Name": "55% Vegetable Oil Margarine Non Hydrogenated", "Size": "637 g", "Size Label": "ea"}, {"Category": "Butter & Spreads", "Aisle": "Dairy & Eggs", "Sku": "20901681_EA", "Regular Price": "None", "Sale Price": "7.99", "Image": "https://assets.shop.loblaws.ca/products/20901681/b1/en/front/20901681_front_a01_@2.png", "Brand": "Natrel", "Url": "https://www.maxi.ca/unsalted-butter/p/20901681_EA", "Sub Category": null, "English Name": "Unsalted Butter", "Size": "454 g", "Size Label": "ea"}, {"Category": "Butter & Spreads", "Aisle": "Dairy & Eggs", "Sku": "20302492_EA", "Regular Price": "None", "Sale Price": "3.79", "Image": "https://assets.shop.loblaws.ca/products/20302492/b1/en/front/20302492_front_a01_@2.png", "Brand": "PC Blue Menu", "Url": "https://www.maxi.ca/blue-menu-original-margarine/p/20302492_EA", "Sub Category": null, "English Name": "Blue Menu Original Margarine", "Size": "454 g", "Size Label": "ea"}, {"Category": "Butter & Spreads", "Aisle": "Dairy & Eggs", "Sku": "21279349_EA", "Regular Price": "None", "Sale Price": "14.49", "Image": "https://assets.shop.loblaws.ca/products/21279349/b1/en/front/21279349_front_a01_@2.png", "Brand": "Becel", "Url": "https://www.maxi.ca/margarine-gold/p/21279349_EA", "Sub Category": null, "English Name": "Margarine Gold", "Size": "1.36 kg", "Size Label": "ea"}, {"Category": "Butter & Spreads", "Aisle": "Dairy & Eggs", "Sku": "20901520_EA", "Regular Price": "None", "Sale Price": "7.99", "Image": "https://assets.shop.loblaws.ca/products/20901520/b1/en/front/20901520_front_a01_@2.png", "Brand": "Natrel", "Url": "https://www.maxi.ca/salted-butter/p/20901520_EA", "Sub Category": null, "English Name": "Salted Butter", "Size": "454 g", "Size Label": "ea"}, {"Category": "Butter & Spreads", "Aisle": "Dairy & Eggs", "Sku": "20010990_EA", "Regular Price": "None", "Sale Price": "7.79", "Image": "https://assets.shop.loblaws.ca/products/20010990/b1/en/front/20010990_front_a01_@2.png", "Brand": "Vegenaise", "Url": "https://www.maxi.ca/original/p/20010990_EA", "Sub Category": null, "English Name": "Original", "Size": "473 ml", "Size Label": "ea"}, {"Category": "Butter & Spreads", "Aisle": "Dairy & Eggs", "Sku": "20281838001_EA", "Regular Price": "None", "Sale Price": "6.49", "Image": "https://assets.shop.loblaws.ca/products/20281838001/b1/en/front/20281838001_front_a01_@2.png", "Brand": "Lactantia", "Url": "https://www.maxi.ca/olivina-margarine/p/20281838001_EA", "Sub Category": null, "English Name": "Olivina Margarine", "Size": "850 g", "Size Label": "ea"}, {"Category": "Butter & Spreads", "Aisle": "Dairy & Eggs", "Sku": "20046397_EA", "Regular Price": "None", "Sale Price": "13.49", "Image": "https://assets.shop.loblaws.ca/products/20046397/b1/en/front/20046397_front_a01_@2.png", "Brand": "No Name", "Url": "https://www.maxi.ca/soft-margarine/p/20046397_EA", "Sub Category": null, "English Name": "Soft Margarine", "Size": "3.17 kg", "Size Label": "ea"}, {"Category": "Butter & Spreads", "Aisle": "Dairy & Eggs", "Sku": "21535354_EA", "Regular Price": "None", "Sale Price": "3.99", "Image": "https://assets.shop.loblaws.ca/products/21535354/b1/en/front/21535354_front_a01_@2.png", "Brand": "COUNTRY CROCK", "Url": "https://www.maxi.ca/original-spread/p/21535354_EA", "Sub Category": null, "English Name": "Original Spread", "Size": "427 g", "Size Label": "ea"}, {"Category": "Butter & Spreads", "Aisle": "Dairy & Eggs", "Sku": "20316543001_EA", "Regular Price": "None", "Sale Price": "6.49", "Image": "https://assets.shop.loblaws.ca/products/20316543001/b1/en/front/20316543001_front_a01_@2.png", "Brand": "No Name", "Url": "https://www.maxi.ca/semi-salted-butter/p/20316543001_EA", "Sub Category": null, "English Name": "Semi Salted Butter", "Size": "454 g", "Size Label": "ea"}, {"Category": "Butter & Spreads", "Aisle": "Dairy & Eggs", "Sku": "21381971_EA", "Regular Price": "None", "Sale Price": "4.29", "Image": "https://assets.shop.loblaws.ca/products/21381971/b1/en/front/21381971_front_a01_@2.png", "Brand": "President's Choice", "Url": "https://www.maxi.ca/plant-based-butter-alternative-unsalted/p/21381971_EA", "Sub Category": null, "English Name": "Plant Based Butter Alternative Unsalted", "Size": "454 g", "Size Label": "ea"}, {"Category": "Butter & Spreads", "Aisle": "Dairy & Eggs", "Sku": "20186658_EA", "Regular Price": "None", "Sale Price": "5.99", "Image": "https://assets.shop.loblaws.ca/products/20186658/b1/en/front/20186658_front_a01_@2.png", "Brand": "No Name", "Url": "https://www.maxi.ca/soft-margarine/p/20186658_EA", "Sub Category": null, "English Name": "Soft Margarine", "Size": "907 g", "Size Label": "ea"}, {"Category": "Butter & Spreads", "Aisle": "Dairy & Eggs", "Sku": "20902100_EA", "Regular Price": "None", "Sale Price": "7.79", "Image": "https://assets.shop.loblaws.ca/products/20902100/b1/en/front/20902100_front_a01_@2.png", "Brand": "Saputo", "Url": "https://www.maxi.ca/butter-sated/p/20902100_EA", "Sub Category": null, "English Name": "Butter, Sated", "Size": "454 g", "Size Label": "ea"}, {"Category": "Butter & Spreads", "Aisle": "Dairy & Eggs", "Sku": "21535355_EA", "Regular Price": "None", "Sale Price": "6.99", "Image": "https://assets.shop.loblaws.ca/products/21535355/b1/en/front/21535355_front_a01_@2.png", "Brand": "COUNTRY CROCK", "Url": "https://www.maxi.ca/original-spread/p/21535355_EA", "Sub Category": null, "English Name": "Original Spread", "Size": "850 g", "Size Label": "ea"}, {"Category": "Butter & Spreads", "Aisle": "Dairy & Eggs", "Sku": "20023950_EA", "Regular Price": "None", "Sale Price": "15.79", "Image": "https://assets.shop.loblaws.ca/products/20023950/b1/en/front/20023950_front_a01_@2.png", "Brand": "Becel", "Url": "https://www.maxi.ca/margarine-original/p/20023950_EA", "Sub Category": null, "English Name": "Margarine Original", "Size": "1.7 kg", "Size Label": "ea"}, {"Category": "Butter & Spreads", "Aisle": "Dairy & Eggs", "Sku": "20285368_EA", "Regular Price": "None", "Sale Price": "7.99", "Image": "https://assets.shop.loblaws.ca/products/20285368/b1/en/front/20285368_front_a01_@2.png", "Brand": "Lactantia", "Url": "https://www.maxi.ca/traditional-spread/p/20285368_EA", "Sub Category": null, "English Name": "Traditional Spread", "Size": "1.28 kg", "Size Label": "ea"}, {"Category": "Butter & Spreads", "Aisle": "Dairy & Eggs", "Sku": "21279387_EA", "Regular Price": "None", "Sale Price": "5.99", "Image": "https://assets.shop.loblaws.ca/products/21279387/b1/en/front/21279387_front_a01_@2.png", "Brand": "Becel", "Url": "https://www.maxi.ca/plant-butter-unsalted/p/21279387_EA", "Sub Category": null, "English Name": "Plant Butter, Unsalted", "Size": "454 g", "Size Label": "ea"}, {"Category": "Butter & Spreads", "Aisle": "Dairy & Eggs", "Sku": "20544549_EA", "Regular Price": "None", "Sale Price": "2.49", "Image": "https://assets.shop.loblaws.ca/products/20544549/b1/en/front/20544549_front_a01_@2.png", "Brand": "Lactantia", "Url": "https://www.maxi.ca/traditional-garlic-spread/p/20544549_EA", "Sub Category": null, "English Name": "Traditional Garlic Spread", "Size": "227 g", "Size Label": "ea"}, {"Category": "Butter & Spreads", "Aisle": "Dairy & Eggs", "Sku": "20908309_EA", "Regular Price": "None", "Sale Price": "9.79", "Image": "https://assets.shop.loblaws.ca/products/20908309/b1/en/front/20908309_front_a01_@2.png", "Brand": "Follow Your Heart", "Url": "https://www.maxi.ca/soy-free-vegenaise/p/20908309_EA", "Sub Category": null, "English Name": "Soy Free Vegenaise", "Size": "473 ml", "Size Label": "ea"}, {"Category": "Butter & Spreads", "Aisle": "Dairy & Eggs", "Sku": "20868997_EA", "Regular Price": "None", "Sale Price": "7.79", "Image": "https://assets.shop.loblaws.ca/products/20868997/b1/en/front/20868997_front_a01_@2.png", "Brand": "Saputo", "Url": "https://www.maxi.ca/butter-sweet-unsalted/p/20868997_EA", "Sub Category": null, "English Name": "Butter, Sweet Unsalted", "Size": "454 g", "Size Label": "ea"}, {"Category": "Butter & Spreads", "Aisle": "Dairy & Eggs", "Sku": "20299284_EA", "Regular Price": "None", "Sale Price": "5.99", "Image": "https://assets.shop.loblaws.ca/products/20299284/b1/en/front/20299284_front_a01_@2.png", "Brand": "PC Blue Menu", "Url": "https://www.maxi.ca/blue-menu-calorie-reduced-margarine/p/20299284_EA", "Sub Category": null, "English Name": "Blue Menu Calorie Reduced Margarine", "Size": "907 g", "Size Label": "ea"}, {"Category": "Butter & Spreads", "Aisle": "Dairy & Eggs", "Sku": "20323227_EA", "Regular Price": "None", "Sale Price": "6.99", "Image": "https://assets.shop.loblaws.ca/products/20323227/b1/en/front/20323227_front_a01_@2.png", "Brand": "Earth Balance", "Url": "https://www.maxi.ca/original-buttery-spread/p/20323227_EA", "Sub Category": null, "English Name": "Original Buttery Spread", "Size": "425 g", "Size Label": "ea"}, {"Category": "Butter & Spreads", "Aisle": "Dairy & Eggs", "Sku": "21106192_EA", "Regular Price": "None", "Sale Price": "7.29", "Image": "https://assets.shop.loblaws.ca/products/21106192/b1/en/front/21106192_front_a01_@2.png", "Brand": "Savor", "Url": "https://www.maxi.ca/grass-fed-unsalted-butter/p/21106192_EA", "Sub Category": null, "English Name": "Grass Fed Unsalted Butter", "Size": "250 g", "Size Label": "ea"}, {"Category": "Butter & Spreads", "Aisle": "Dairy & Eggs", "Sku": "20249417001_EA", "Regular Price": "None", "Sale Price": "6.49", "Image": "https://assets.shop.loblaws.ca/products/20249417001/b1/en/front/20249417001_front_a01_@2.png", "Brand": "Lactantia", "Url": "https://www.maxi.ca/healthy-attitude-omega-3-margarine/p/20249417001_EA", "Sub Category": null, "English Name": "Healthy Attitude Omega-3 Margarine", "Size": "850 g", "Size Label": "ea"}, {"Category": "Butter & Spreads", "Aisle": "Dairy & Eggs", "Sku": "21361785_EA", "Regular Price": "7.79", "Sale Price": "6.00", "Image": "https://assets.shop.loblaws.ca/products/21361785/b1/en/front/21361785_front_a01_@2.png", "Brand": "Gay Lea", "Url": "https://www.maxi.ca/grass-fed-salted-butter/p/21361785_EA", "Sub Category": null, "English Name": "Grass Fed Salted Butter", "Size": "250 g", "Size Label": "ea"}, {"Category": "Butter & Spreads", "Aisle": "Dairy & Eggs", "Sku": "20162020_EA", "Regular Price": "None", "Sale Price": "8.29", "Image": "https://assets.shop.loblaws.ca/products/20162020/b1/en/front/20162020_front_a01_@2.png", "Brand": "No Name", "Url": "https://www.maxi.ca/soft-margarine/p/20162020_EA", "Sub Category": null, "English Name": "Soft Margarine", "Size": "1.36 kg", "Size Label": "ea"}, {"Category": "Butter & Spreads", "Aisle": "Dairy & Eggs", "Sku": "21048193_EA", "Regular Price": "None", "Sale Price": "6.49", "Image": "https://assets.shop.loblaws.ca/products/21048193/b1/en/front/21048193_front_a01_@2.png", "Brand": "Lactantia", "Url": "https://www.maxi.ca/lactose-free-butter-salted/p/21048193_EA", "Sub Category": null, "English Name": "Lactose Free Butter, Salted", "Size": "250 g", "Size Label": "ea"}, {"Category": "Butter & Spreads", "Aisle": "Dairy & Eggs", "Sku": "20249479_EA", "Regular Price": "None", "Sale Price": "6.49", "Image": "https://assets.shop.loblaws.ca/products/20249479/b1/en/front/20249479_front_a01_@2.png", "Brand": "Lactantia", "Url": "https://www.maxi.ca/traditional-spread/p/20249479_EA", "Sub Category": null, "English Name": "Traditional Spread", "Size": "850 g", "Size Label": "ea"}, {"Category": "Butter & Spreads", "Aisle": "Dairy & Eggs", "Sku": "21279339_EA", "Regular Price": "None", "Sale Price": "8.49", "Image": "https://assets.shop.loblaws.ca/products/21279339/b1/en/front/21279339_front_a01_@2.png", "Brand": "Becel", "Url": "https://www.maxi.ca/margarine-salt-free/p/21279339_EA", "Sub Category": null, "English Name": "Margarine Salt Free", "Size": "850 g", "Size Label": "ea"}, {"Category": "Desserts & Doughs", "Aisle": "Dairy & Eggs", "Sku": "21505340_EA", "Regular Price": "None", "Sale Price": "2.49", "Image": "https://assets.shop.loblaws.ca/products/21505340/b1/en/front/21505340_front_a01_@2.png", "Brand": "Pillsbury", "Url": "https://www.maxi.ca/crescents-original-dough-8-pieces/p/21505340_EA", "Sub Category": null, "English Name": "Crescents Original Dough, 8 Pieces", "Size": "226 g", "Size Label": "ea"}, {"Category": "Desserts & Doughs", "Aisle": "Dairy & Eggs", "Sku": "21288850_EA", "Regular Price": "None", "Sale Price": "6.49", "Image": "https://assets.shop.loblaws.ca/products/21288850/b1/en/front/21288850_front_a01_@2.png", "Brand": "President's Choice", "Url": "https://www.maxi.ca/butter-puff-pastry/p/21288850_EA", "Sub Category": null, "English Name": "Butter Puff Pastry", "Size": "450 g", "Size Label": "ea"}, {"Category": "Desserts & Doughs", "Aisle": "Dairy & Eggs", "Sku": "20320962002_EA", "Regular Price": "None", "Sale Price": "2.69", "Image": "https://assets.shop.loblaws.ca/products/20320962002/b1/en/front/20320962002_front_a01_@2.png", "Brand": "Pillsbury", "Url": "https://www.maxi.ca/cinnamon-rolls-with-icing-ready-to-bake-8-ct/p/20320962002_EA", "Sub Category": null, "English Name": "Cinnamon Rolls with Icing, Ready to Bake 8 ct", "Size": "351 g", "Size Label": "ea"}, {"Category": "Desserts & Doughs", "Aisle": "Dairy & Eggs", "Sku": "20318034001_EA", "Regular Price": "None", "Sale Price": "2.69", "Image": "https://assets.shop.loblaws.ca/products/20318034001/b1/en/front/20318034001_front_a01_@2.png", "Brand": "Pillsbury", "Url": "https://www.maxi.ca/chocolate-chip-cookie-dough-ready-to-bake/p/20318034001_EA", "Sub Category": null, "English Name": "Chocolate Chip Cookie Dough, Ready to Bake", "Size": "468 g", "Size Label": "ea"}, {"Category": "Desserts & Doughs", "Aisle": "Dairy & Eggs", "Sku": "20187585_EA", "Regular Price": "None", "Sale Price": "2.69", "Image": "https://assets.shop.loblaws.ca/products/20187585/b1/en/front/20187585_front_a01_@2.png", "Brand": "Pillsbury", "Url": "https://www.maxi.ca/pie-crusts-refrigerated-pre-made-dough/p/20187585_EA", "Sub Category": null, "English Name": "Pie Crusts, Refrigerated Pre-Made Dough", "Size": "400 g", "Size Label": "ea"}, {"Category": "Desserts & Doughs", "Aisle": "Dairy & Eggs", "Sku": "20671251_EA", "Regular Price": "None", "Sale Price": "4.29", "Image": "https://assets.shop.loblaws.ca/products/20671251/b1/en/front/20671251_front_a01_@2.png", "Brand": "No Name", "Url": "https://www.maxi.ca/deep-dish-pie-shells/p/20671251_EA", "Sub Category": null, "English Name": "Deep Dish Pie Shells", "Size": "380 g", "Size Label": "ea"}, {"Category": "Desserts & Doughs", "Aisle": "Dairy & Eggs", "Sku": "20305424001_EA", "Regular Price": "None", "Sale Price": "2.49", "Image": "https://assets.shop.loblaws.ca/products/20305424001/b1/en/front/20305424001_front_a01_@2.png", "Brand": "Pillsbury", "Url": "https://www.maxi.ca/crescents-reduced-fat/p/20305424001_EA", "Sub Category": null, "English Name": "Crescents - Reduced Fat", "Size": "227 g", "Size Label": "ea"}, {"Category": "Desserts & Doughs", "Aisle": "Dairy & Eggs", "Sku": "20301101001_EA", "Regular Price": "None", "Sale Price": "4.69", "Image": "https://assets.shop.loblaws.ca/products/20301101001/b1/en/front/20301101001_front_a01_@2.png", "Brand": "Pillsbury", "Url": "https://www.maxi.ca/grands-cinnamon-rolls-with-icing-cinnabon-cinnamon/p/20301101001_EA", "Sub Category": null, "English Name": "Grands! Cinnamon Rolls with Icing, Cinnabon Cinnamon, 5 ct", "Size": "496 g", "Size Label": "ea"}, {"Category": "Desserts & Doughs", "Aisle": "Dairy & Eggs", "Sku": "20305424002_EA", "Regular Price": "None", "Sale Price": "2.49", "Image": "https://assets.shop.loblaws.ca/products/20305424002/b1/en/front/20305424002_front_a01_@2.png", "Brand": "Pillsbury", "Url": "https://www.maxi.ca/wiener-wraps-refrigerated-dough-ready-to-bake-6-ct/p/20305424002_EA", "Sub Category": null, "English Name": "Wiener Wraps, Refrigerated Dough, Ready to Bake, 6 ct", "Size": "200 g", "Size Label": "ea"}, {"Category": "Desserts & Doughs", "Aisle": "Dairy & Eggs", "Sku": "20318034002_EA", "Regular Price": "None", "Sale Price": "2.69", "Image": "https://assets.shop.loblaws.ca/products/20318034002/b1/en/front/20318034002_front_a01_@2.png", "Brand": "Pillsbury", "Url": "https://www.maxi.ca/chub-chocolate-chunk-cookie/p/20318034002_EA", "Sub Category": null, "English Name": "Chub Chocolate Chunk Cookie   ", "Size": "468 g", "Size Label": "ea"}, {"Category": "Desserts & Doughs", "Aisle": "Dairy & Eggs", "Sku": "20296118001_EA", "Regular Price": "None", "Sale Price": "6.29", "Image": "https://assets.shop.loblaws.ca/products/20296118001/b1/en/front/20296118001_front_a01_@2.png", "Brand": "No Name", "Url": "https://www.maxi.ca/tart-shells/p/20296118001_EA", "Sub Category": null, "English Name": "Tart Shells", "Size": "30 ea", "Size Label": "ea"}, {"Category": "Desserts & Doughs", "Aisle": "Dairy & Eggs", "Sku": "20317832001_EA", "Regular Price": "None", "Sale Price": "2.69", "Image": "https://assets.shop.loblaws.ca/products/20317832001/b1/en/front/20317832001_front_a01_@2.png", "Brand": "Pillsbury", "Url": "https://www.maxi.ca/grands-crescents-croissant-rolls-ready-to-bake-4-c/p/20317832001_EA", "Sub Category": null, "English Name": "Grands! Crescents, Croissant Rolls, Ready to Bake, 4 ct", "Size": "318 g", "Size Label": "ea"}, {"Category": "Desserts & Doughs", "Aisle": "Dairy & Eggs", "Sku": "21288853_EA", "Regular Price": "None", "Sale Price": "5.49", "Image": "https://assets.shop.loblaws.ca/products/21288853/b1/en/front/21288853_front_a01_@2.png", "Brand": "President's Choice", "Url": "https://www.maxi.ca/phyllo-pastry/p/21288853_EA", "Sub Category": null, "English Name": "Phyllo Pastry", "Size": "454 g", "Size Label": "ea"}, {"Category": "Desserts & Doughs", "Aisle": "Dairy & Eggs", "Sku": "21477773_EA", "Regular Price": "None", "Sale Price": "4.69", "Image": "https://assets.shop.loblaws.ca/products/21477773/b1/en/front/21477773_front_a01_@2.png", "Brand": "Pillsbury", "Url": "https://www.maxi.ca/reese-cookie-dough/p/21477773_EA", "Sub Category": null, "English Name": "Reese Cookie Dough", "Size": "454 g", "Size Label": "ea"}, {"Category": "Desserts & Doughs", "Aisle": "Dairy & Eggs", "Sku": "20314013002_EA", "Regular Price": "None", "Sale Price": "3.49", "Image": "https://assets.shop.loblaws.ca/products/20314013002/b1/en/front/20314013002_front_a01_@2.png", "Brand": "President's Choice", "Url": "https://www.maxi.ca/chocolate-chip-cookie-dough/p/20314013002_EA", "Sub Category": null, "English Name": "Chocolate Chip Cookie Dough", "Size": "468 g", "Size Label": "ea"}, {"Category": "Desserts & Doughs", "Aisle": "Dairy & Eggs", "Sku": "20301101003_EA", "Regular Price": "None", "Sale Price": "4.69", "Image": "https://assets.shop.loblaws.ca/products/20301101003/b1/en/front/20301101003_front_a01_@2.png", "Brand": "Pillsbury", "Url": "https://www.maxi.ca/grands-ready-to-bake-chocolate-chunk-chip/p/20301101003_EA", "Sub Category": null, "English Name": "Grands ready to bake Chocolate Chunk & Chip", "Size": "454 g", "Size Label": "ea"}, {"Category": "Desserts & Doughs", "Aisle": "Dairy & Eggs", "Sku": "21302048_EA", "Regular Price": "None", "Sale Price": "5.29", "Image": "https://assets.shop.loblaws.ca/products/21302048/b1/en/front/21302048_front_a01_@2.png", "Brand": "Pillsbury", "Url": "https://www.maxi.ca/sugar-cookies-pumpkin/p/21302048_EA", "Sub Category": null, "English Name": "Sugar Cookies Pumpkin", "Size": "260 g", "Size Label": "ea"}, {"Category": "Desserts & Doughs", "Aisle": "Dairy & Eggs", "Sku": "20121195001_EA", "Regular Price": "None", "Sale Price": "3.59", "Image": "https://assets.shop.loblaws.ca/products/20121195001/b1/en/front/20121195001_front_a01_@2.png", "Brand": "Pillsbury", "Url": "https://www.maxi.ca/flaky-real-apple-turnovers/p/20121195001_EA", "Sub Category": null, "English Name": "Flaky Real Apple Turnovers", "Size": "383 g", "Size Label": "ea"}, {"Category": "Desserts & Doughs", "Aisle": "Dairy & Eggs", "Sku": "21464969_EA", "Regular Price": "None", "Sale Price": "5.29", "Image": "https://assets.shop.loblaws.ca/products/21464969/b1/en/front/21464969_front_a01_@2.png", "Brand": "Yummy Doh", "Url": "https://www.maxi.ca/raw-cookie-dough-chocolate-chunk/p/21464969_EA", "Sub Category": null, "English Name": "Raw Cookie Dough Chocolate Chunk", "Size": "400 g", "Size Label": "ea"}, {"Category": "Desserts & Doughs", "Aisle": "Dairy & Eggs", "Sku": "21302025_EA", "Regular Price": "None", "Sale Price": "5.29", "Image": "https://assets.shop.loblaws.ca/products/21302025/b1/en/front/21302025_front_a01_@2.png", "Brand": "Pillsbury", "Url": "https://www.maxi.ca/sugar-cookies-ghost/p/21302025_EA", "Sub Category": null, "English Name": "Sugar Cookies Ghost", "Size": "260 g", "Size Label": "ea"}, {"Category": "Desserts & Doughs", "Aisle": "Dairy & Eggs", "Sku": "21193674_EA", "Regular Price": "None", "Sale Price": "2.69", "Image": "https://assets.shop.loblaws.ca/products/21193674/b1/en/front/21193674_front_a01_@2.png", "Brand": "Pillsbury", "Url": "https://www.maxi.ca/sugar-cookies/p/21193674_EA", "Sub Category": null, "English Name": "Sugar Cookies", "Size": "468 g", "Size Label": "ea"}, {"Category": "Desserts & Doughs", "Aisle": "Dairy & Eggs", "Sku": "21463989_EA", "Regular Price": "None", "Sale Price": "4.59", "Image": "https://assets.shop.loblaws.ca/products/21463989/b1/en/front/21463989_front_a01_@2.png", "Brand": "Pillsbury", "Url": "https://www.maxi.ca/ready-to-bake-monsters-shape-sugar-cookie-dough/p/21463989_EA", "Sub Category": null, "English Name": "Ready To Bake! Monsters Shape Sugar Cookie Dough", "Size": "260 g", "Size Label": "ea"}, {"Category": "Desserts & Doughs", "Aisle": "Dairy & Eggs", "Sku": "21464785_EA", "Regular Price": "None", "Sale Price": "5.29", "Image": "https://assets.shop.loblaws.ca/products/21464785/b1/en/front/21464785_front_a01_@2.png", "Brand": "Yummy Doh", "Url": "https://www.maxi.ca/raw-cookie-dough-strawberry-confetti/p/21464785_EA", "Sub Category": null, "English Name": "Raw Cookie Dough Strawberry Confetti", "Size": "400 g", "Size Label": "ea"}, {"Category": "Desserts & Doughs", "Aisle": "Dairy & Eggs", "Sku": "20881171_C01", "Regular Price": "None", "Sale Price": "17.99", "Image": "https://assets.shop.loblaws.ca/products/20881171/b1/en/front/20881171_front_a01_@2.png", "Brand": "Del Monte", "Url": "https://www.maxi.ca/peach-chunks-in-light-syrup-8-cups-x-1-52-l-case/p/20881171_C01", "Sub Category": null, "English Name": "Peach Chunks In Light Syrup 8 Cups X (1.52 L)  (Case)", "Size": "8x190.0 ml", "Size Label": "ea"}, {"Category": "Desserts & Doughs", "Aisle": "Dairy & Eggs", "Sku": "21216388_EA", "Regular Price": "None", "Sale Price": "8.99", "Image": "https://assets.shop.loblaws.ca/products/21216388/b1/en/front/21216388_front_a01_@2.png", "Brand": "Cookie Bluff", "Url": "https://www.maxi.ca/edible-cookie-dough-signature-chocolate/p/21216388_EA", "Sub Category": null, "English Name": "Edible Cookie Dough Signature Chocolate", "Size": "400 g", "Size Label": "ea"}, {"Category": "Desserts & Doughs", "Aisle": "Dairy & Eggs", "Sku": "21218967_EA", "Regular Price": "None", "Sale Price": "8.99", "Image": "https://assets.shop.loblaws.ca/products/21218967/b1/en/front/21218967_front_a01_@2.png", "Brand": "Cookie Bluff", "Url": "https://www.maxi.ca/edible-cookie-dough-birthday-cake/p/21218967_EA", "Sub Category": null, "English Name": "Edible Cookie Dough Birthday Cake", "Size": "400 g", "Size Label": "ea"}, {"Category": "Egg & Egg Substitutes", "Aisle": "Dairy & Eggs", "Sku": "20812144001_EA", "Regular Price": "None", "Sale Price": "3.99", "Image": "https://assets.shop.loblaws.ca/products/20812144001/b1/en/front/20812144001_front_a01_@2.png", "Brand": "No Name", "Url": "https://www.maxi.ca/large-grade-a-eggs/p/20812144001_EA", "Sub Category": null, "English Name": "Large Grade A Eggs", "Size": "12 ea", "Size Label": "ea"}, {"Category": "Egg & Egg Substitutes", "Aisle": "Dairy & Eggs", "Sku": "21435777001_EA", "Regular Price": "None", "Sale Price": "9.49", "Image": "https://assets.shop.loblaws.ca/products/21435777001/b1/en/front/21435777001_front_a01_@2.png", "Brand": "No Name", "Url": "https://www.maxi.ca/large-size-eggs/p/21435777001_EA", "Sub Category": null, "English Name": "Large Size Eggs", "Size": "30 ea", "Size Label": "ea"}, {"Category": "Egg & Egg Substitutes", "Aisle": "Dairy & Eggs", "Sku": "20812726001_EA", "Regular Price": "None", "Sale Price": "4.49", "Image": "https://assets.shop.loblaws.ca/products/20812726001/b1/en/front/20812726001_front_a01_@2.png", "Brand": "No Name", "Url": "https://www.maxi.ca/grade-a-extra-large-eggs/p/20812726001_EA", "Sub Category": null, "English Name": "Grade A Extra Large Eggs", "Size": "12 eggs", "Size Label": "ea"}, {"Category": "Egg & Egg Substitutes", "Aisle": "Dairy & Eggs", "Sku": "20813386001_EA", "Regular Price": "None", "Sale Price": "3.89", "Image": "https://assets.shop.loblaws.ca/products/20813386001/b1/en/front/20813386001_front_a01_@2.png", "Brand": "No Name", "Url": "https://www.maxi.ca/medium-grade-a-white-eggs/p/20813386001_EA", "Sub Category": null, "English Name": "Medium Grade A White Eggs", "Size": "12 eggs", "Size Label": "ea"}, {"Category": "Egg & Egg Substitutes", "Aisle": "Dairy & Eggs", "Sku": "20821364001_EA", "Regular Price": "None", "Sale Price": "7.49", "Image": "https://assets.shop.loblaws.ca/products/20821364001/b1/en/front/20821364001_front_a01_@2.png", "Brand": "PC Blue Menu", "Url": "https://www.maxi.ca/egg-whites/p/20821364001_EA", "Sub Category": null, "English Name": "Egg Whites", "Size": "1 kg", "Size Label": "ea"}, {"Category": "Egg & Egg Substitutes", "Aisle": "Dairy & Eggs", "Sku": "20813711001_EA", "Regular Price": "None", "Sale Price": "7.79", "Image": "https://assets.shop.loblaws.ca/products/20813711001/b1/en/front/20813711001_front_a01_@2.png", "Brand": "PC Organics", "Url": "https://www.maxi.ca/organics-free-range-large-brown-eggs/p/20813711001_EA", "Sub Category": null, "English Name": "Organics Free Range Large Brown Eggs", "Size": "12 eggs", "Size Label": "ea"}, {"Category": "Egg & Egg Substitutes", "Aisle": "Dairy & Eggs", "Sku": "21205224001_EA", "Regular Price": "None", "Sale Price": "16.49", "Image": "https://assets.shop.loblaws.ca/products/21205224001/b1/en/front/21205224001_front_a01_@2.png", "Brand": "PC Organics", "Url": "https://www.maxi.ca/organic-free-range-large-brown-eggs-club-pack-30-c/p/21205224001_EA", "Sub Category": null, "English Name": "Organic Free-Range Large Brown Eggs, Club Pack (30 Count)", "Size": "30 ea", "Size Label": "ea"}, {"Category": "Egg & Egg Substitutes", "Aisle": "Dairy & Eggs", "Sku": "20820660001_EA", "Regular Price": "None", "Sale Price": "6.69", "Image": "https://assets.shop.loblaws.ca/products/20820660001/b1/en/front/20820660001_front_a01_@2.png", "Brand": "Nutri-Egg", "Url": "https://www.maxi.ca/large-white-eggs/p/20820660001_EA", "Sub Category": null, "English Name": "Large White Eggs", "Size": "18 eggs", "Size Label": "ea"}, {"Category": "Egg & Egg Substitutes", "Aisle": "Dairy & Eggs", "Sku": "20992723001_EA", "Regular Price": "None", "Sale Price": "7.29", "Image": "https://assets.shop.loblaws.ca/products/20992723001/b1/en/front/20992723001_front_a01_@2.png", "Brand": "PC Blue Menu", "Url": "https://www.maxi.ca/blue-menu-free-run-large-white-eggs-12-pack/p/20992723001_EA", "Sub Category": null, "English Name": "Blue Menu Free Run Large White Eggs 12 Pack", "Size": "12 ea", "Size Label": "ea"}, {"Category": "Egg & Egg Substitutes", "Aisle": "Dairy & Eggs", "Sku": "20813389001_EA", "Regular Price": "None", "Sale Price": "7.99", "Image": "https://assets.shop.loblaws.ca/products/20813389001/b1/en/front/20813389001_front_a01_@2.png", "Brand": "PC Organics", "Url": "https://www.maxi.ca/organics-extra-large-size-free-range-brown-eggs/p/20813389001_EA", "Sub Category": null, "English Name": "Organics Extra Large Size Free-Range Brown Eggs", "Size": "12 eggs", "Size Label": "ea"}, {"Category": "Egg & Egg Substitutes", "Aisle": "Dairy & Eggs", "Sku": "20821366001_EA", "Regular Price": "None", "Sale Price": "4.49", "Image": "https://assets.shop.loblaws.ca/products/20821366001/b1/en/front/20821366001_front_a01_@2.png", "Brand": "PC Blue Menu", "Url": "https://www.maxi.ca/free-run-egg-whites/p/20821366001_EA", "Sub Category": null, "English Name": "Free Run Egg Whites", "Size": "1 g", "Size Label": "ea"}, {"Category": "Egg & Egg Substitutes", "Aisle": "Dairy & Eggs", "Sku": "21069384001_EA", "Regular Price": "None", "Sale Price": "6.29", "Image": "https://assets.shop.loblaws.ca/products/21069384001/b1/en/front/21069384001_front_a01_@2.png", "Brand": "Burnbrae Farms", "Url": "https://www.maxi.ca/naturegg-nestlaidomega-3-large-size-12-eggs/p/21069384001_EA", "Sub Category": null, "English Name": "Naturegg NestlaidOmega 3 Large Size 12 Eggs", "Size": "12 ea", "Size Label": "ea"}, {"Category": "Egg & Egg Substitutes", "Aisle": "Dairy & Eggs", "Sku": "20820355001_EA", "Regular Price": "None", "Sale Price": "5.29", "Image": "https://assets.shop.loblaws.ca/products/20820355001/b1/en/front/20820355001_front_a01_@2.png", "Brand": "Burnbrae Farms", "Url": "https://www.maxi.ca/naturegg-simply-egg-whites/p/20820355001_EA", "Sub Category": null, "English Name": "Naturegg Simply Egg Whites", "Size": "1 ea", "Size Label": "ea"}, {"Category": "Egg & Egg Substitutes", "Aisle": "Dairy & Eggs", "Sku": "20818960001_EA", "Regular Price": "None", "Sale Price": "7.59", "Image": "https://assets.shop.loblaws.ca/products/20818960001/b1/en/front/20818960001_front_a01_@2.png", "Brand": "PC Organics", "Url": "https://www.maxi.ca/organics-medium-size-free-range-brown-eggs/p/20818960001_EA", "Sub Category": null, "English Name": "Organics Medium Size Free-Range Brown Eggs ", "Size": "12 eggs", "Size Label": "ea"}, {"Category": "Egg & Egg Substitutes", "Aisle": "Dairy & Eggs", "Sku": "21048196001_EA", "Regular Price": "None", "Sale Price": "3.29", "Image": "https://assets.shop.loblaws.ca/products/21048196001/b1/en/front/21048196001_front_a01_@2.png", "Brand": "PC Blue Menu", "Url": "https://www.maxi.ca/free-run-omega-3-hard-boiled-peeled-eggs-pack-of-3/p/21048196001_EA", "Sub Category": null, "English Name": "Free Run Omega-3 Hard-Boiled Peeled Eggs, Pack of 3", "Size": "3x88.0 g", "Size Label": "ea"}, {"Category": "Egg & Egg Substitutes", "Aisle": "Dairy & Eggs", "Sku": "21419781_EA", "Regular Price": "None", "Sale Price": "7.49", "Image": "https://assets.shop.loblaws.ca/products/21419781/b1/en/front/21419781_front_a01_@2.png", "Brand": "JUST Egg", "Url": "https://www.maxi.ca/plant-based-egg/p/21419781_EA", "Sub Category": null, "English Name": "Plant Based Egg", "Size": "355 ml", "Size Label": "ea"}, {"Category": "Egg & Egg Substitutes", "Aisle": "Dairy & Eggs", "Sku": "20815787001_EA", "Regular Price": "None", "Sale Price": "6.99", "Image": "https://assets.shop.loblaws.ca/products/20815787001/b1/en/front/20815787001_front_a01_@2.png", "Brand": "Burnbrae Farms", "Url": "https://www.maxi.ca/naturegg-omega-plus-white-eggs-large/p/20815787001_EA", "Sub Category": null, "English Name": "Naturegg Omega Plus White Eggs, Large", "Size": "12 eggs", "Size Label": "ea"}, {"Category": "Egg & Egg Substitutes", "Aisle": "Dairy & Eggs", "Sku": "20820689001_EA", "Regular Price": "None", "Sale Price": "5.49", "Image": "https://assets.shop.loblaws.ca/products/20820689001/b1/en/front/20820689001_front_a01_@2.png", "Brand": "Burnbrae Farms", "Url": "https://www.maxi.ca/egg-creations-egg-bake-garden-vegetable/p/20820689001_EA", "Sub Category": null, "English Name": "Egg Creations! Egg Bake Garden Vegetable", "Size": "1 ea", "Size Label": "ea"}, {"Category": "Egg & Egg Substitutes", "Aisle": "Dairy & Eggs", "Sku": "20821158001_EA", "Regular Price": "None", "Sale Price": "5.49", "Image": "https://assets.shop.loblaws.ca/products/20821158001/b1/en/front/20821158001_front_a01_@2.png", "Brand": "Nutri-Egg", "Url": "https://www.maxi.ca/large-brown-eggs/p/20821158001_EA", "Sub Category": null, "English Name": "Large Brown Eggs", "Size": "12 eggs", "Size Label": "ea"}, {"Category": "Egg & Egg Substitutes", "Aisle": "Dairy & Eggs", "Sku": "21023768001_EA", "Regular Price": "None", "Sale Price": "6.59", "Image": "https://assets.shop.loblaws.ca/products/21023768001/b1/en/front/21023768001_front_a01_@2.png", "Brand": "Nutri-Egg", "Url": "https://www.maxi.ca/free-run-hens-large-white-eggs/p/21023768001_EA", "Sub Category": null, "English Name": "Free Run Hens Large White Eggs", "Size": "12 ea", "Size Label": "ea"}, {"Category": "Egg & Egg Substitutes", "Aisle": "Dairy & Eggs", "Sku": "21024006001_EA", "Regular Price": "None", "Sale Price": "6.09", "Image": "https://assets.shop.loblaws.ca/products/21024006001/b1/en/front/21024006001_front_a01_@2.png", "Brand": "Nutri-Egg", "Url": "https://www.maxi.ca/comfort-farm-white-eggs/p/21024006001_EA", "Sub Category": null, "English Name": "Comfort Farm White Eggs", "Size": "12 ea", "Size Label": "ea"}, {"Category": "Egg & Egg Substitutes", "Aisle": "Dairy & Eggs", "Sku": "20820130001_EA", "Regular Price": "None", "Sale Price": "5.29", "Image": "https://assets.shop.loblaws.ca/products/20820130001/b1/en/front/20820130001_front_a01_@2.png", "Brand": "Burnbrae Farms", "Url": "https://www.maxi.ca/naturegg-free-run-egg-whites/p/20820130001_EA", "Sub Category": null, "English Name": "Naturegg Free Run Egg Whites", "Size": "1 eggs", "Size Label": "ea"}, {"Category": "Egg & Egg Substitutes", "Aisle": "Dairy & Eggs", "Sku": "20820690001_EA", "Regular Price": "None", "Sale Price": "5.49", "Image": "https://assets.shop.loblaws.ca/products/20820690001/b1/en/front/20820690001_front_a01_@2.png", "Brand": "Burnbrae Farms", "Url": "https://www.maxi.ca/egg-creations-original/p/20820690001_EA", "Sub Category": null, "English Name": "Egg Creations, Original", "Size": "500 g", "Size Label": "ea"}, {"Category": "Lactose Free", "Aisle": "Dairy & Eggs", "Sku": "20077874001_EA", "Regular Price": "6.29", "Sale Price": "4.79", "Image": "https://assets.shop.loblaws.ca/products/20077874001/b1/en/front/20077874001_front_a01_@2.png", "Brand": "Natrel", "Url": "https://www.maxi.ca/lactose-free-2-dairy-product-2l/p/20077874001_EA", "Sub Category": null, "English Name": "Lactose Free 2% Dairy Product (2L)", "Size": "2 l", "Size Label": "ea"}, {"Category": "Lactose Free", "Aisle": "Dairy & Eggs", "Sku": "21128369_EA", "Regular Price": "None", "Sale Price": "6.29", "Image": "https://assets.shop.loblaws.ca/products/21128369/b1/en/front/21128369_front_a01_@2.png", "Brand": "Fairlife", "Url": "https://www.maxi.ca/lactose-free-2-partly-skimmed-ultrafiltered-milk/p/21128369_EA", "Sub Category": null, "English Name": "Lactose Free 2% Partly Skimmed Ultrafiltered Milk", "Size": "1.5 l", "Size Label": "ea"}, {"Category": "Lactose Free", "Aisle": "Dairy & Eggs", "Sku": "21128371_EA", "Regular Price": "None", "Sale Price": "6.29", "Image": "https://assets.shop.loblaws.ca/products/21128371/b1/en/front/21128371_front_a01_@2.png", "Brand": "Fairlife", "Url": "https://www.maxi.ca/chocolate-lactose-free-2-partly-skimmed-ultrafilte/p/21128371_EA", "Sub Category": null, "English Name": "Chocolate Lactose Free 2% Partly Skimmed Ultrafiltered Milk", "Size": "1.5 l", "Size Label": "ea"}, {"Category": "Lactose Free", "Aisle": "Dairy & Eggs", "Sku": "20077874003_EA", "Regular Price": "6.29", "Sale Price": "4.79", "Image": "https://assets.shop.loblaws.ca/products/20077874003/b1/en/front/20077874003_front_a01_@2.png", "Brand": "Natrel", "Url": "https://www.maxi.ca/lactose-free-1-dairy-product-2l/p/20077874003_EA", "Sub Category": null, "English Name": "Lactose Free 1% Dairy Product (2L)", "Size": "2 l", "Size Label": "ea"}, {"Category": "Lactose Free", "Aisle": "Dairy & Eggs", "Sku": "21219007_EA", "Regular Price": "None", "Sale Price": "3.33", "Image": "https://assets.shop.loblaws.ca/products/21219007/b1/en/front/21219007_front_a01_@2.png", "Brand": "IOGO", "Url": "https://www.maxi.ca/1-lactose-free-strawberry-banana-drinkable-yogurt/p/21219007_EA", "Sub Category": null, "English Name": "1% Lactose Free Strawberry-Banana Drinkable Yogurt", "Size": "6x93.0 ml", "Size Label": "ea"}, {"Category": "Lactose Free", "Aisle": "Dairy & Eggs", "Sku": "20301822001_EA", "Regular Price": "5.29", "Sale Price": "4.69", "Image": "https://assets.shop.loblaws.ca/products/20301822001/b1/en/front/20301822001_front_a01_@2.png", "Brand": "Lactantia", "Url": "https://www.maxi.ca/lactose-free-2-milk/p/20301822001_EA", "Sub Category": null, "English Name": "Lactose Free 2% Milk", "Size": "2 l", "Size Label": "ea"}, {"Category": "Lactose Free", "Aisle": "Dairy & Eggs", "Sku": "21128364_EA", "Regular Price": "None", "Sale Price": "6.29", "Image": "https://assets.shop.loblaws.ca/products/21128364/b1/en/front/21128364_front_a01_@2.png", "Brand": "Fairlife", "Url": "https://www.maxi.ca/lactose-free-skim-ultrafiltered-milk/p/21128364_EA", "Sub Category": null, "English Name": "Lactose Free Skim Ultrafiltered Milk", "Size": "1.5 l", "Size Label": "ea"}, {"Category": "Lactose Free", "Aisle": "Dairy & Eggs", "Sku": "21358817_EA", "Regular Price": "None", "Sale Price": "6.29", "Image": "https://assets.shop.loblaws.ca/products/21358817/b1/en/front/21358817_front_a01_@2.png", "Brand": "Fairlife", "Url": "https://www.maxi.ca/lactose-free-1-partly-skimmed-ultrafiltered-milk/p/21358817_EA", "Sub Category": null, "English Name": "Lactose Free 1% Partly Skimmed Ultrafiltered Milk", "Size": "1.5 l", "Size Label": "ea"}, {"Category": "Lactose Free", "Aisle": "Dairy & Eggs", "Sku": "21083518_EA", "Regular Price": "None", "Sale Price": "6.79", "Image": "https://assets.shop.loblaws.ca/products/21083518/b1/en/front/21083518_front_a01_@2.png", "Brand": "President's Choice", "Url": "https://www.maxi.ca/lactose-free-triple-cheddar-shredded-cheese-blend/p/21083518_EA", "Sub Category": null, "English Name": "Lactose Free Triple Cheddar Shredded Cheese Blend", "Size": "320 g", "Size Label": "ea"}, {"Category": "Lactose Free", "Aisle": "Dairy & Eggs", "Sku": "21082488_EA", "Regular Price": "None", "Sale Price": "6.79", "Image": "https://assets.shop.loblaws.ca/products/21082488/b1/en/front/21082488_front_a01_@2.png", "Brand": "President's Choice", "Url": "https://www.maxi.ca/lactose-free-pizza-mozzarella-shredded-cheese/p/21082488_EA", "Sub Category": null, "English Name": "Lactose Free Pizza Mozzarella Shredded Cheese", "Size": "320 g", "Size Label": "ea"}, {"Category": "Lactose Free", "Aisle": "Dairy & Eggs", "Sku": "20987150_EA", "Regular Price": "None", "Sale Price": "3.49", "Image": "https://assets.shop.loblaws.ca/products/20987150/b1/en/front/20987150_front_a01_@2.png", "Brand": "President's Choice", "Url": "https://www.maxi.ca/lactose-free-14-m-f-sour-cream/p/20987150_EA", "Sub Category": null, "English Name": "Lactose Free 14% M.F. Sour Cream", "Size": "500 ml", "Size Label": "ea"}, {"Category": "Lactose Free", "Aisle": "Dairy & Eggs", "Sku": "20944744_EA", "Regular Price": "None", "Sale Price": "6.79", "Image": "https://assets.shop.loblaws.ca/products/20944744/b1/en/front/20944744_front_a01_@2.png", "Brand": "Activia", "Url": "https://www.maxi.ca/yogurt-with-probiotics-lactose-free-vanilla-strawb/p/20944744_EA", "Sub Category": null, "English Name": "Yogurt With Probiotics Lactose Free, Vanilla, Strawberry, Raspberry, Cherry Flavour", "Size": "12x100.0 g", "Size Label": "ea"}, {"Category": "Lactose Free", "Aisle": "Dairy & Eggs", "Sku": "20944778_EA", "Regular Price": "None", "Sale Price": "6.79", "Image": "https://assets.shop.loblaws.ca/products/20944778/b1/en/front/20944778_front_a01_@2.png", "Brand": "Activia", "Url": "https://www.maxi.ca/yogurt-with-probiotics-lactose-free-strawberry-blu/p/20944778_EA", "Sub Category": null, "English Name": "Yogurt With Probiotics Lactose Free, Strawberry, Blueberry, Peach, Mango Flavour, 12XG", "Size": "12x100.0 g", "Size Label": "ea"}, {"Category": "Lactose Free", "Aisle": "Dairy & Eggs", "Sku": "20984624_EA", "Regular Price": "None", "Sale Price": "4.49", "Image": "https://assets.shop.loblaws.ca/products/20984624/b1/en/front/20984624_front_a01_@2.png", "Brand": "President's Choice", "Url": "https://www.maxi.ca/lactose-free-2-m-f-cottage-cheese/p/20984624_EA", "Sub Category": null, "English Name": "Lactose Free 2% M.F. Cottage Cheese", "Size": "500 g", "Size Label": "ea"}, {"Category": "Lactose Free", "Aisle": "Dairy & Eggs", "Sku": "20077874004_EA", "Regular Price": "6.29", "Sale Price": "4.79", "Image": "https://assets.shop.loblaws.ca/products/20077874004/b1/en/front/20077874004_front_a01_@2.png", "Brand": "Natrel", "Url": "https://www.maxi.ca/lactose-free-fat-free-skim-0-dairy-product-2l/p/20077874004_EA", "Sub Category": null, "English Name": "Lactose Free Fat Free Skim 0% Dairy Product (2L)", "Size": "2 l", "Size Label": "ea"}, {"Category": "Lactose Free", "Aisle": "Dairy & Eggs", "Sku": "20595216_EA", "Regular Price": "4.99", "Sale Price": "4.69", "Image": "https://assets.shop.loblaws.ca/products/20595216/b1/en/front/20595216_front_a01_@2.png", "Brand": "Lactantia", "Url": "https://www.maxi.ca/lactose-free-homogenized-milk/p/20595216_EA", "Sub Category": null, "English Name": "Lactose Free Homogenized Milk", "Size": "2 l", "Size Label": "ea"}, {"Category": "Lactose Free", "Aisle": "Dairy & Eggs", "Sku": "20301822002_EA", "Regular Price": "5.29", "Sale Price": "4.69", "Image": "https://assets.shop.loblaws.ca/products/20301822002/b1/en/front/20301822002_front_a01_@2.png", "Brand": "Lactantia", "Url": "https://www.maxi.ca/lactose-free-1-milk/p/20301822002_EA", "Sub Category": null, "English Name": "Lactose Free 1% Milk", "Size": "2 l", "Size Label": "ea"}, {"Category": "Lactose Free", "Aisle": "Dairy & Eggs", "Sku": "21184727_EA", "Regular Price": "None", "Sale Price": "3.99", "Image": "https://assets.shop.loblaws.ca/products/21184727/b1/en/front/21184727_front_a01_@2.png", "Brand": "President's Choice", "Url": "https://www.maxi.ca/lactose-free-plain-cream-cheese/p/21184727_EA", "Sub Category": null, "English Name": "Lactose Free Plain Cream Cheese ", "Size": "250 g", "Size Label": "ea"}, {"Category": "Lactose Free", "Aisle": "Dairy & Eggs", "Sku": "20922823_EA", "Regular Price": "None", "Sale Price": "6.79", "Image": "https://assets.shop.loblaws.ca/products/20922823/b1/en/front/20922823_front_a01_@2.png", "Brand": "President's Choice", "Url": "https://www.maxi.ca/naturally-lactose-free-swiss-cheese/p/20922823_EA", "Sub Category": null, "English Name": "Naturally Lactose-Free Swiss Cheese ", "Size": "300 g", "Size Label": "ea"}, {"Category": "Lactose Free", "Aisle": "Dairy & Eggs", "Sku": "20801190_EA", "Regular Price": "None", "Sale Price": "7.29", "Image": "https://assets.shop.loblaws.ca/products/20801190/b1/en/front/20801190_front_a01_@2.png", "Brand": "Liberte", "Url": "https://www.maxi.ca/greek-lactose-free-vanilla-0-mf-yogurt/p/20801190_EA", "Sub Category": null, "English Name": "Greek Lactose Free Vanilla 0% MF Yogurt", "Size": "750 g", "Size Label": "ea"}, {"Category": "Lactose Free", "Aisle": "Dairy & Eggs", "Sku": "20796737_EA", "Regular Price": "None", "Sale Price": "3.49", "Image": "https://assets.shop.loblaws.ca/products/20796737/b1/en/front/20796737_front_a01_@2.png", "Brand": "President's Choice", "Url": "https://www.maxi.ca/lactose-free-plain-2-m-f-yogurt/p/20796737_EA", "Sub Category": null, "English Name": "Lactose Free Plain 2%  M.F. Yogurt", "Size": "750 g", "Size Label": "ea"}, {"Category": "Lactose Free", "Aisle": "Dairy & Eggs", "Sku": "20822228_EA", "Regular Price": "6.29", "Sale Price": "4.79", "Image": "https://assets.shop.loblaws.ca/products/20822228/b1/en/front/20822228_front_a01_@2.png", "Brand": "Natrel", "Url": "https://www.maxi.ca/lactose-free-3-25-homogenized-milk/p/20822228_EA", "Sub Category": null, "English Name": "Lactose Free 3.25% Homogenized Milk", "Size": "2 l", "Size Label": "ea"}, {"Category": "Lactose Free", "Aisle": "Dairy & Eggs", "Sku": "20595972_EA", "Regular Price": "None", "Sale Price": "5.99", "Image": "https://assets.shop.loblaws.ca/products/20595972/b1/en/front/20595972_front_a01_@2.png", "Brand": "Natrel", "Url": "https://www.maxi.ca/10-lactose-free-coffee-cream-1l/p/20595972_EA", "Sub Category": null, "English Name": "10% Lactose Free Coffee Cream (1L)", "Size": "1 l", "Size Label": "ea"}, {"Category": "Lactose Free", "Aisle": "Dairy & Eggs", "Sku": "21043175002_EA", "Regular Price": "None", "Sale Price": "3.49", "Image": "https://assets.shop.loblaws.ca/products/21043175002/b1/en/front/21043175002_front_a01_@2.png", "Brand": "IOGO", "Url": "https://www.maxi.ca/lactose-free-yogurt-vanilla-1-5/p/21043175002_EA", "Sub Category": null, "English Name": "Lactose Free Yogurt, Vanilla 1.5%", "Size": "650 g", "Size Label": "ea"}, {"Category": "Lactose Free", "Aisle": "Dairy & Eggs", "Sku": "21002993_EA", "Regular Price": "None", "Sale Price": "4.79", "Image": "https://assets.shop.loblaws.ca/products/21002993/b1/en/front/21002993_front_a01_@2.png", "Brand": "Tre Stelle", "Url": "https://www.maxi.ca/tre-stelle-creamy-cheese-spread-lactose-free/p/21002993_EA", "Sub Category": null, "English Name": "Tre Stelle Creamy Cheese Spread, Lactose Free", "Size": "200 g", "Size Label": "ea"}, {"Category": "Lactose Free", "Aisle": "Dairy & Eggs", "Sku": "21289586_EA", "Regular Price": "None", "Sale Price": "6.79", "Image": "https://assets.shop.loblaws.ca/products/21289586/b1/en/front/21289586_front_a01_@2.png", "Brand": "President's Choice", "Url": "https://www.maxi.ca/lactose-free-old-white-cheddar-cheese/p/21289586_EA", "Sub Category": null, "English Name": "Lactose Free Old White Cheddar Cheese", "Size": "400 g", "Size Label": "ea"}, {"Category": "Lactose Free", "Aisle": "Dairy & Eggs", "Sku": "20057494_EA", "Regular Price": "5.29", "Sale Price": "4.69", "Image": "https://assets.shop.loblaws.ca/products/20057494/b1/en/front/20057494_front_a01_@2.png", "Brand": "Lactantia", "Url": "https://www.maxi.ca/lactose-free-lactaid-skim-milk/p/20057494_EA", "Sub Category": null, "English Name": "Lactose Free Lactaid Skim Milk", "Size": "2 l", "Size Label": "ea"}, {"Category": "Lactose Free", "Aisle": "Dairy & Eggs", "Sku": "21048193_EA", "Regular Price": "None", "Sale Price": "6.49", "Image": "https://assets.shop.loblaws.ca/products/21048193/b1/en/front/21048193_front_a01_@2.png", "Brand": "Lactantia", "Url": "https://www.maxi.ca/lactose-free-butter-salted/p/21048193_EA", "Sub Category": null, "English Name": "Lactose Free Butter, Salted", "Size": "250 g", "Size Label": "ea"}, {"Category": "Lactose Free", "Aisle": "Dairy & Eggs", "Sku": "20326180001_EA", "Regular Price": "None", "Sale Price": "4.39", "Image": "https://assets.shop.loblaws.ca/products/20326180001/b1/en/front/20326180001_front_a01_@2.png", "Brand": "Natrel", "Url": "https://www.maxi.ca/lactose-free-2-dairy-product-1l/p/20326180001_EA", "Sub Category": null, "English Name": "Lactose Free 2% Dairy Product (1L)", "Size": "1 l", "Size Label": "ea"}, {"Category": "Lactose Free", "Aisle": "Dairy & Eggs", "Sku": "21163394_EA", "Regular Price": "None", "Sale Price": "4.49", "Image": "https://assets.shop.loblaws.ca/products/21163394/b1/en/front/21163394_front_a01_@2.png", "Brand": "Neilson", "Url": "https://www.maxi.ca/milk-ultrafiltered-partly-skimmed-2-m-f/p/21163394_EA", "Sub Category": null, "English Name": "Milk, Ultrafiltered Partly Skimmed 2% M.F.", "Size": "1 l", "Size Label": "ea"}, {"Category": "Lactose Free", "Aisle": "Dairy & Eggs", "Sku": "20946085_EA", "Regular Price": "3.69", "Sale Price": "3.49", "Image": "https://assets.shop.loblaws.ca/products/20946085/b1/en/front/20946085_front_a01_@2.png", "Brand": "Activia", "Url": "https://www.maxi.ca/yogurt-with-probiotics-lactose-free-strawberry-fla/p/20946085_EA", "Sub Category": null, "English Name": "Yogurt With Probiotics Lactose Free, Strawberry Flavour", "Size": "650 g", "Size Label": "ea"}, {"Category": "Lactose Free", "Aisle": "Dairy & Eggs", "Sku": "21163395_EA", "Regular Price": "None", "Sale Price": "4.49", "Image": "https://assets.shop.loblaws.ca/products/21163395/b1/en/front/21163395_front_a01_@2.png", "Brand": "Neilson", "Url": "https://www.maxi.ca/chocolate-dairy-beverage-2-m-f/p/21163395_EA", "Sub Category": null, "English Name": "Chocolate Dairy Beverage 2% M.F.", "Size": "1 l", "Size Label": "ea"}, {"Category": "Lactose Free", "Aisle": "Dairy & Eggs", "Sku": "21163398_EA", "Regular Price": "None", "Sale Price": "4.49", "Image": "https://assets.shop.loblaws.ca/products/21163398/b1/en/front/21163398_front_a01_@2.png", "Brand": "Neilson", "Url": "https://www.maxi.ca/ultrafiltered-milk-3-25-m-f/p/21163398_EA", "Sub Category": null, "English Name": "Ultrafiltered Milk 3.25% M.F.", "Size": "1 l", "Size Label": "ea"}, {"Category": "Lactose Free", "Aisle": "Dairy & Eggs", "Sku": "21163396_EA", "Regular Price": "None", "Sale Price": "4.49", "Image": "https://assets.shop.loblaws.ca/products/21163396/b1/en/front/21163396_front_a01_@2.png", "Brand": "Neilson", "Url": "https://www.maxi.ca/ultrafiltered-skim-milk-0-m-f/p/21163396_EA", "Sub Category": null, "English Name": "Ultrafiltered Skim Milk 0% M.F.", "Size": "1 l", "Size Label": "ea"}, {"Category": "Lactose Free", "Aisle": "Dairy & Eggs", "Sku": "21107151_EA", "Regular Price": "None", "Sale Price": "5.99", "Image": "https://assets.shop.loblaws.ca/products/21107151/b1/en/front/21107151_front_a01_@2.png", "Brand": "Lactantia", "Url": "https://www.maxi.ca/dairy-product-lactose-free-2-m-f/p/21107151_EA", "Sub Category": null, "English Name": "Dairy Product Lactose Free 2% M.F.", "Size": "1.5 l", "Size Label": "ea"}, {"Category": "Lactose Free", "Aisle": "Dairy & Eggs", "Sku": "21193572_EA", "Regular Price": "None", "Sale Price": "3.99", "Image": "https://assets.shop.loblaws.ca/products/21193572/b1/en/front/21193572_front_a01_@2.png", "Brand": "Liberte", "Url": "https://www.maxi.ca/classique-yogurt-plain-2-mf/p/21193572_EA", "Sub Category": null, "English Name": "Classique Yogurt Plain  2 % MF", "Size": "650 g", "Size Label": "ea"}, {"Category": "Lactose Free", "Aisle": "Dairy & Eggs", "Sku": "20700658_EA", "Regular Price": "None", "Sale Price": "6.29", "Image": "https://assets.shop.loblaws.ca/products/20700658/b1/en/front/20700658_front_a01_@2.png", "Brand": "Natrel", "Url": "https://www.maxi.ca/35-lactose-free-whipping-cream/p/20700658_EA", "Sub Category": null, "English Name": "35% Lactose Free Whipping Cream", "Size": "473 ml", "Size Label": "ea"}, {"Category": "Lactose Free", "Aisle": "Dairy & Eggs", "Sku": "20156331_EA", "Regular Price": "None", "Sale Price": "11.69", "Image": "https://assets.shop.loblaws.ca/products/20156331/b1/en/front/20156331_front_a01_@2.png", "Brand": "Natrel", "Url": "https://www.maxi.ca/lactose-free-2-dairy-product-4l/p/20156331_EA", "Sub Category": null, "English Name": "Lactose Free 2% Dairy Product (4L)", "Size": "4 l", "Size Label": "ea"}, {"Category": "Lactose Free", "Aisle": "Dairy & Eggs", "Sku": "21048231_EA", "Regular Price": "None", "Sale Price": "12.09", "Image": "https://assets.shop.loblaws.ca/products/21048231/b1/en/front/21048231_front_a01_@2.png", "Brand": "Lactantia", "Url": "https://www.maxi.ca/milk-lactose-free-homogenized-3-25-m-f/p/21048231_EA", "Sub Category": null, "English Name": "Milk, Lactose Free Homogenized 3.25% M.F.", "Size": "4 l", "Size Label": "ea"}, {"Category": "Lactose Free", "Aisle": "Dairy & Eggs", "Sku": "21314936_EA", "Regular Price": "None", "Sale Price": "6.29", "Image": "https://assets.shop.loblaws.ca/products/21314936/b1/en/front/21314936_front_a01_@2.png", "Brand": "Philadelphia", "Url": "https://www.maxi.ca/original-cream-cheese-lactose-free/p/21314936_EA", "Sub Category": null, "English Name": "Original Cream Cheese, Lactose Free", "Size": "250 g", "Size Label": "ea"}, {"Category": "Lactose Free", "Aisle": "Dairy & Eggs", "Sku": "21107150_EA", "Regular Price": "None", "Sale Price": "5.99", "Image": "https://assets.shop.loblaws.ca/products/21107150/b1/en/front/21107150_front_a01_@2.png", "Brand": "Lactantia", "Url": "https://www.maxi.ca/dairy-product-lactose-free-1-m-f/p/21107150_EA", "Sub Category": null, "English Name": "Dairy Product Lactose Free 1% M.F.", "Size": "1.5 l", "Size Label": "ea"}, {"Category": "Lactose Free", "Aisle": "Dairy & Eggs", "Sku": "21314933_EA", "Regular Price": "None", "Sale Price": "6.29", "Image": "https://assets.shop.loblaws.ca/products/21314933/b1/en/front/21314933_front_a01_@2.png", "Brand": "Philadelphia", "Url": "https://www.maxi.ca/original-cream-cheese/p/21314933_EA", "Sub Category": null, "English Name": "Original Cream Cheese", "Size": "227 g", "Size Label": "ea"}, {"Category": "Lactose Free", "Aisle": "Dairy & Eggs", "Sku": "20326180003_EA", "Regular Price": "None", "Sale Price": "4.39", "Image": "https://assets.shop.loblaws.ca/products/20326180003/b1/en/front/20326180003_front_a01_@2.png", "Brand": "Natrel", "Url": "https://www.maxi.ca/lactose-free-fat-free-skim-0-dairy-product-1l/p/20326180003_EA", "Sub Category": null, "English Name": "Lactose Free Fat Free Skim 0% Dairy Product (1L)", "Size": "1 l", "Size Label": "ea"}, {"Category": "Lactose Free", "Aisle": "Dairy & Eggs", "Sku": "20326180002_EA", "Regular Price": "None", "Sale Price": "4.39", "Image": "https://assets.shop.loblaws.ca/products/20326180002/b1/en/front/20326180002_front_a01_@2.png", "Brand": "Natrel", "Url": "https://www.maxi.ca/lactose-free-1-dairy-product-1l/p/20326180002_EA", "Sub Category": null, "English Name": "Lactose Free 1% Dairy Product (1L)", "Size": "1 l", "Size Label": "ea"}, {"Category": "Lactose Free", "Aisle": "Dairy & Eggs", "Sku": "21107156_EA", "Regular Price": "None", "Sale Price": "5.89", "Image": "https://assets.shop.loblaws.ca/products/21107156/b1/en/front/21107156_front_a01_@2.png", "Brand": "Lactantia", "Url": "https://www.maxi.ca/dairy-product-lactose-free-3-25-m-f/p/21107156_EA", "Sub Category": null, "English Name": "Dairy Product Lactose Free 3.25% M.F.", "Size": "1.5 l", "Size Label": "ea"}, {"Category": "Milk & Cream", "Aisle": "Dairy & Eggs", "Sku": "20077874001_EA", "Regular Price": "6.29", "Sale Price": "4.79", "Image": "https://assets.shop.loblaws.ca/products/20077874001/b1/en/front/20077874001_front_a01_@2.png", "Brand": "Natrel", "Url": "https://www.maxi.ca/lactose-free-2-dairy-product-2l/p/20077874001_EA", "Sub Category": null, "English Name": "Lactose Free 2% Dairy Product (2L)", "Size": "2 l", "Size Label": "ea"}, {"Category": "Milk & Cream", "Aisle": "Dairy & Eggs", "Sku": "20021564_EA", "Regular Price": "None", "Sale Price": "7.99", "Image": "https://assets.shop.loblaws.ca/products/20021564/b1/en/front/20021564_front_a01_@2.png", "Brand": "QUEBON", "Url": "https://www.maxi.ca/2-milk-4l/p/20021564_EA", "Sub Category": null, "English Name": "2% Milk (4L)", "Size": "4 l", "Size Label": "ea"}, {"Category": "Milk & Cream", "Aisle": "Dairy & Eggs", "Sku": "21245360_EA", "Regular Price": "None", "Sale Price": "5.49", "Image": "https://assets.shop.loblaws.ca/products/21245360/b1/en/front/21245360_front_a01_@2.png", "Brand": "Silk", "Url": "https://www.maxi.ca/almond-for-coffee-vanilla-flavour-plant-based-dair/p/21245360_EA", "Sub Category": null, "English Name": "Almond For Coffee, Vanilla Flavour, Plant Based Dairy Free Coffee Creamer", "Size": "890 ml", "Size Label": "ea"}, {"Category": "Milk & Cream", "Aisle": "Dairy & Eggs", "Sku": "21128369_EA", "Regular Price": "None", "Sale Price": "6.29", "Image": "https://assets.shop.loblaws.ca/products/21128369/b1/en/front/21128369_front_a01_@2.png", "Brand": "Fairlife", "Url": "https://www.maxi.ca/lactose-free-2-partly-skimmed-ultrafiltered-milk/p/21128369_EA", "Sub Category": null, "English Name": "Lactose Free 2% Partly Skimmed Ultrafiltered Milk", "Size": "1.5 l", "Size Label": "ea"}, {"Category": "Milk & Cream", "Aisle": "Dairy & Eggs", "Sku": "21128371_EA", "Regular Price": "None", "Sale Price": "6.29", "Image": "https://assets.shop.loblaws.ca/products/21128371/b1/en/front/21128371_front_a01_@2.png", "Brand": "Fairlife", "Url": "https://www.maxi.ca/chocolate-lactose-free-2-partly-skimmed-ultrafilte/p/21128371_EA", "Sub Category": null, "English Name": "Chocolate Lactose Free 2% Partly Skimmed Ultrafiltered Milk", "Size": "1.5 l", "Size Label": "ea"}, {"Category": "Milk & Cream", "Aisle": "Dairy & Eggs", "Sku": "21245361_EA", "Regular Price": "None", "Sale Price": "5.49", "Image": "https://assets.shop.loblaws.ca/products/21245361/b1/en/front/21245361_front_a01_@2.png", "Brand": "Silk", "Url": "https://www.maxi.ca/oat-for-coffee-vanilla-plant-based-dairy-free-coff/p/21245361_EA", "Sub Category": null, "English Name": "Oat For Coffee, Vanilla, Plant Based, Dairy Free Coffee Creamer", "Size": "890 ml", "Size Label": "ea"}, {"Category": "Milk & Cream", "Aisle": "Dairy & Eggs", "Sku": "20077874003_EA", "Regular Price": "6.29", "Sale Price": "4.79", "Image": "https://assets.shop.loblaws.ca/products/20077874003/b1/en/front/20077874003_front_a01_@2.png", "Brand": "Natrel", "Url": "https://www.maxi.ca/lactose-free-1-dairy-product-2l/p/20077874003_EA", "Sub Category": null, "English Name": "Lactose Free 1% Dairy Product (2L)", "Size": "2 l", "Size Label": "ea"}, {"Category": "Milk & Cream", "Aisle": "Dairy & Eggs", "Sku": "20895480002_EA", "Regular Price": "None", "Sale Price": "5.49", "Image": "https://assets.shop.loblaws.ca/products/20895480002/b1/en/front/20895480002_front_a01_@2.png", "Brand": "International Delight", "Url": "https://www.maxi.ca/french-vanilla-flavoured-coffee-creamer-63-serving/p/20895480002_EA", "Sub Category": null, "English Name": "French Vanilla Flavoured Coffee Creamer, 63 Servings", "Size": "946 ml", "Size Label": "ea"}, {"Category": "Milk & Cream", "Aisle": "Dairy & Eggs", "Sku": "20048223001_EA", "Regular Price": "None", "Sale Price": "4.49", "Image": "https://assets.shop.loblaws.ca/products/20048223001/b1/en/front/20048223001_front_a01_@2.png", "Brand": "Gay Lea", "Url": "https://www.maxi.ca/real-whipped-cream-regular/p/20048223001_EA", "Sub Category": null, "English Name": "Real Whipped Cream, Regular", "Size": "225 g", "Size Label": "ea"}, {"Category": "Milk & Cream", "Aisle": "Dairy & Eggs", "Sku": "20973399_EA", "Regular Price": "None", "Sale Price": "3.29", "Image": "https://assets.shop.loblaws.ca/products/20973399/b1/en/front/20973399_front_a01_@2.png", "Brand": "Silk", "Url": "https://www.maxi.ca/for-coffee-hazelnut-flavour-dairy-free-coffee-crea/p/20973399_EA", "Sub Category": null, "English Name": "For Coffee, Hazelnut Flavour, Dairy Free Coffee Creamer", "Size": "473 ml", "Size Label": "ea"}, {"Category": "Milk & Cream", "Aisle": "Dairy & Eggs", "Sku": "21400040_EA", "Regular Price": "None", "Sale Price": "3.29", "Image": "https://assets.shop.loblaws.ca/products/21400040/b1/en/front/21400040_front_a01_@2.png", "Brand": "Silk", "Url": "https://www.maxi.ca/pumpkin-spice-flavoured-almond-coffee-creamer-limi/p/21400040_EA", "Sub Category": null, "English Name": "Pumpkin Spice Flavoured Almond Coffee Creamer, Limited Edition", "Size": "450 ml", "Size Label": "ea"}, {"Category": "Milk & Cream", "Aisle": "Dairy & Eggs", "Sku": "20301822001_EA", "Regular Price": "5.29", "Sale Price": "4.69", "Image": "https://assets.shop.loblaws.ca/products/20301822001/b1/en/front/20301822001_front_a01_@2.png", "Brand": "Lactantia", "Url": "https://www.maxi.ca/lactose-free-2-milk/p/20301822001_EA", "Sub Category": null, "English Name": "Lactose Free 2% Milk", "Size": "2 l", "Size Label": "ea"}, {"Category": "Milk & Cream", "Aisle": "Dairy & Eggs", "Sku": "21404953_EA", "Regular Price": "None", "Sale Price": "6.49", "Image": "https://assets.shop.loblaws.ca/products/21404953/b1/en/front/21404953_front_a01_@2.png", "Brand": "Starbucks", "Url": "https://www.maxi.ca/pumpkin-spice-latte-liquid-coffee-enhancer/p/21404953_EA", "Sub Category": null, "English Name": "Pumpkin Spice Latte Liquid Coffee Enhancer", "Size": "828 ml", "Size Label": "ea"}, {"Category": "Milk & Cream", "Aisle": "Dairy & Eggs", "Sku": "21128364_EA", "Regular Price": "None", "Sale Price": "6.29", "Image": "https://assets.shop.loblaws.ca/products/21128364/b1/en/front/21128364_front_a01_@2.png", "Brand": "Fairlife", "Url": "https://www.maxi.ca/lactose-free-skim-ultrafiltered-milk/p/21128364_EA", "Sub Category": null, "English Name": "Lactose Free Skim Ultrafiltered Milk", "Size": "1.5 l", "Size Label": "ea"}, {"Category": "Milk & Cream", "Aisle": "Dairy & Eggs", "Sku": "21242388_EA", "Regular Price": "None", "Sale Price": "5.49", "Image": "https://assets.shop.loblaws.ca/products/21242388/b1/en/front/21242388_front_a01_@2.png", "Brand": "International Delight", "Url": "https://www.maxi.ca/pumpkin-spice-coffee-enhancer-limited-edition/p/21242388_EA", "Sub Category": null, "English Name": "Pumpkin Spice Coffee Enhancer, Limited Edition", "Size": "946 ml", "Size Label": "ea"}, {"Category": "Milk & Cream", "Aisle": "Dairy & Eggs", "Sku": "20895480003_EA", "Regular Price": "None", "Sale Price": "5.49", "Image": "https://assets.shop.loblaws.ca/products/20895480003/b1/en/front/20895480003_front_a01_@2.png", "Brand": "International Delight", "Url": "https://www.maxi.ca/hazelnut-flavoured-coffee-creamer-63-servings/p/20895480003_EA", "Sub Category": null, "English Name": "Hazelnut Flavoured Coffee Creamer, 63 Servings", "Size": "946 ml", "Size Label": "ea"}, {"Category": "Milk & Cream", "Aisle": "Dairy & Eggs", "Sku": "21358817_EA", "Regular Price": "None", "Sale Price": "6.29", "Image": "https://assets.shop.loblaws.ca/products/21358817/b1/en/front/21358817_front_a01_@2.png", "Brand": "Fairlife", "Url": "https://www.maxi.ca/lactose-free-1-partly-skimmed-ultrafiltered-milk/p/21358817_EA", "Sub Category": null, "English Name": "Lactose Free 1% Partly Skimmed Ultrafiltered Milk", "Size": "1.5 l", "Size Label": "ea"}, {"Category": "Milk & Cream", "Aisle": "Dairy & Eggs", "Sku": "21189684_EA", "Regular Price": "None", "Sale Price": "3.89", "Image": "https://assets.shop.loblaws.ca/products/21189684/b1/en/front/21189684_front_a01_@2.png", "Brand": "No Name", "Url": "https://www.maxi.ca/table-cream-15/p/21189684_EA", "Sub Category": null, "English Name": "Table Cream 15%", "Size": "473 ml", "Size Label": "ea"}, {"Category": "Milk & Cream", "Aisle": "Dairy & Eggs", "Sku": "21513684_EA", "Regular Price": "None", "Sale Price": "3.99", "Image": "https://assets.shop.loblaws.ca/products/21513684/b1/en/front/21513684_front_a01_@2.png", "Brand": "Earths Own", "Url": "https://www.maxi.ca/oat-coffee-creamer-salted-caramel/p/21513684_EA", "Sub Category": null, "English Name": "Oat Coffee Creamer, Salted Caramel", "Size": "473 ml", "Size Label": "ea"}, {"Category": "Milk & Cream", "Aisle": "Dairy & Eggs", "Sku": "20078448_EA", "Regular Price": "None", "Sale Price": "5.69", "Image": "https://assets.shop.loblaws.ca/products/20078448/b1/en/front/20078448_front_a01_@2.png", "Brand": "Nutrilait", "Url": "https://www.maxi.ca/1-chocolate-milk/p/20078448_EA", "Sub Category": null, "English Name": "1% Chocolate Milk", "Size": "2 l", "Size Label": "ea"}, {"Category": "Milk & Cream", "Aisle": "Dairy & Eggs", "Sku": "20167901_EA", "Regular Price": "7.09", "Sale Price": "6.79", "Image": "https://assets.shop.loblaws.ca/products/20167901/b1/en/front/20167901_front_a01_@2.png", "Brand": "Natrel", "Url": "https://www.maxi.ca/organic-3-8-milk-2l/p/20167901_EA", "Sub Category": null, "English Name": "Organic 3.8% Milk (2L)", "Size": "2 l", "Size Label": "ea"}, {"Category": "Milk & Cream", "Aisle": "Dairy & Eggs", "Sku": "20138158_EA", "Regular Price": "7.09", "Sale Price": "6.79", "Image": "https://assets.shop.loblaws.ca/products/20138158/b1/en/front/20138158_front_a01_@2.png", "Brand": "Natrel", "Url": "https://www.maxi.ca/organic-fine-filtered-2-milk/p/20138158_EA", "Sub Category": null, "English Name": "Organic Fine-Filtered 2% Milk   ", "Size": "2 l", "Size Label": "ea"}, {"Category": "Milk & Cream", "Aisle": "Dairy & Eggs", "Sku": "21189683_EA", "Regular Price": "None", "Sale Price": "3.59", "Image": "https://assets.shop.loblaws.ca/products/21189683/b1/en/front/21189683_front_a01_@2.png", "Brand": "No Name", "Url": "https://www.maxi.ca/10-m-f-coffee-cream/p/21189683_EA", "Sub Category": null, "English Name": "10% M.F. Coffee Cream", "Size": "473 ml", "Size Label": "ea"}, {"Category": "Milk & Cream", "Aisle": "Dairy & Eggs", "Sku": "20696578_EA", "Regular Price": "None", "Sale Price": "3.99", "Image": "https://assets.shop.loblaws.ca/products/20696578/b1/en/front/20696578_front_a01_@2.png", "Brand": "QUEBON", "Url": "https://www.maxi.ca/10-coffee-cream-473-ml/p/20696578_EA", "Sub Category": null, "English Name": "10% Coffee Cream (473 Ml)", "Size": "473 ml", "Size Label": "ea"}, {"Category": "Milk & Cream", "Aisle": "Dairy & Eggs", "Sku": "20971499_EA", "Regular Price": "None", "Sale Price": "5.29", "Image": "https://assets.shop.loblaws.ca/products/20971499/b1/en/front/20971499_front_a01_@2.png", "Brand": "Nutrinor", "Url": "https://www.maxi.ca/nordic-organic-cream-35-m-f/p/20971499_EA", "Sub Category": null, "English Name": "Nordic Organic Cream, 35% m.f.", "Size": "473 ml", "Size Label": "ea"}, {"Category": "Milk & Cream", "Aisle": "Dairy & Eggs", "Sku": "20694830_EA", "Regular Price": "None", "Sale Price": "4.49", "Image": "https://assets.shop.loblaws.ca/products/20694830/b1/en/front/20694830_front_a01_@2.png", "Brand": "QUEBON", "Url": "https://www.maxi.ca/35-whipping-cream-237-ml/p/20694830_EA", "Sub Category": null, "English Name": "35% Whipping Cream (237 Ml)", "Size": "237 ml", "Size Label": "ea"}, {"Category": "Milk & Cream", "Aisle": "Dairy & Eggs", "Sku": "20894952_EA", "Regular Price": "None", "Sale Price": "2.99", "Image": "https://assets.shop.loblaws.ca/products/20894952/b1/en/front/20894952_front_a01_@2.png", "Brand": "Nutrilait", "Url": "https://www.maxi.ca/chocolate-milk/p/20894952_EA", "Sub Category": null, "English Name": "Chocolate Milk", "Size": "1 l", "Size Label": "ea"}, {"Category": "Milk & Cream", "Aisle": "Dairy & Eggs", "Sku": "20025920_EA", "Regular Price": "None", "Sale Price": "4.21", "Image": "https://assets.shop.loblaws.ca/products/20025920/b1/en/front/20025920_front_a01_@2.png", "Brand": "QUEBON", "Url": "https://www.maxi.ca/1-milk/p/20025920_EA", "Sub Category": null, "English Name": "1% Milk", "Size": "2 l", "Size Label": "ea"}, {"Category": "Milk & Cream", "Aisle": "Dairy & Eggs", "Sku": "21337504_EA", "Regular Price": "5.49", "Sale Price": "4.99", "Image": "https://assets.shop.loblaws.ca/products/21337504/b1/en/front/21337504_front_a01_@2.png", "Brand": "Silk", "Url": "https://www.maxi.ca/dairy-free-whipping-cream-alternative-coconut-base/p/21337504_EA", "Sub Category": null, "English Name": "Dairy-Free Whipping Cream Alternative, Coconut based", "Size": "473 ml", "Size Label": "ea"}, {"Category": "Milk & Cream", "Aisle": "Dairy & Eggs", "Sku": "20083444_EA", "Regular Price": "None", "Sale Price": "4.06", "Image": "https://assets.shop.loblaws.ca/products/20083444/b1/en/front/20083444_front_a01_@2.png", "Brand": "QUEBON", "Url": "https://www.maxi.ca/0-fat-free-skim-milk-2l/p/20083444_EA", "Sub Category": null, "English Name": "0% Fat Free Skim Milk (2L)", "Size": "2 l", "Size Label": "ea"}, {"Category": "Milk & Cream", "Aisle": "Dairy & Eggs", "Sku": "21436391_EA", "Regular Price": "None", "Sale Price": "11.39", "Image": "https://assets.shop.loblaws.ca/products/21436391/b1/en/front/21436391_front_a01_@2.png", "Brand": "Lactantia", "Url": "https://www.maxi.ca/partly-skimmed-milk-lactose-free-1-m-f/p/21436391_EA", "Sub Category": null, "English Name": "Partly Skimmed Milk Lactose Free 1% M.F.", "Size": "4 l", "Size Label": "ea"}, {"Category": "Milk & Cream", "Aisle": "Dairy & Eggs", "Sku": "20894811_EA", "Regular Price": "None", "Sale Price": "8.39", "Image": "https://assets.shop.loblaws.ca/products/20894811/b1/en/front/20894811_front_a01_@2.png", "Brand": "Nutrilait", "Url": "https://www.maxi.ca/3-25-milk/p/20894811_EA", "Sub Category": null, "English Name": "3.25% Milk", "Size": "4 l", "Size Label": "ea"}, {"Category": "Milk & Cream", "Aisle": "Dairy & Eggs", "Sku": "20147574_EA", "Regular Price": "None", "Sale Price": "4.69", "Image": "https://assets.shop.loblaws.ca/products/20147574/b1/en/front/20147574_front_a01_@2.png", "Brand": "Lactantia", "Url": "https://www.maxi.ca/homogenized-milk-3-25-m-f/p/20147574_EA", "Sub Category": null, "English Name": "Homogenized Milk 3.25% M.F.", "Size": "2 l", "Size Label": "ea"}, {"Category": "Milk & Cream", "Aisle": "Dairy & Eggs", "Sku": "20126157_EA", "Regular Price": "None", "Sale Price": "4.39", "Image": "https://assets.shop.loblaws.ca/products/20126157/b1/en/front/20126157_front_a01_@2.png", "Brand": "QUEBON", "Url": "https://www.maxi.ca/2-milk-2l/p/20126157_EA", "Sub Category": null, "English Name": "2% Milk (2L)", "Size": "2 l", "Size Label": "ea"}, {"Category": "Milk & Cream", "Aisle": "Dairy & Eggs", "Sku": "20694833_EA", "Regular Price": "None", "Sale Price": "2.49", "Image": "https://assets.shop.loblaws.ca/products/20694833/b1/en/front/20694833_front_a01_@2.png", "Brand": "QUEBON", "Url": "https://www.maxi.ca/10-coffee-cream-237-ml/p/20694833_EA", "Sub Category": null, "English Name": "10% Coffee Cream (237 Ml)", "Size": "237 ml", "Size Label": "ea"}, {"Category": "Milk & Cream", "Aisle": "Dairy & Eggs", "Sku": "20130890_EA", "Regular Price": "None", "Sale Price": "4.49", "Image": "https://assets.shop.loblaws.ca/products/20130890/b1/en/front/20130890_front_a01_@2.png", "Brand": "Natrel", "Url": "https://www.maxi.ca/fine-filtered-3-25-homogenized-milk/p/20130890_EA", "Sub Category": null, "English Name": "Fine-Filtered 3.25% Homogenized Milk", "Size": "2 l", "Size Label": "ea"}, {"Category": "Milk & Cream", "Aisle": "Dairy & Eggs", "Sku": "20058114_EA", "Regular Price": "None", "Sale Price": "3.69", "Image": "https://assets.shop.loblaws.ca/products/20058114/b1/en/front/20058114_front_a01_@2.png", "Brand": "Lactantia", "Url": "https://www.maxi.ca/homogenized-milk-3-25-m-f/p/20058114_EA", "Sub Category": null, "English Name": "Homogenized Milk 3.25% M.F.", "Size": "1 l", "Size Label": "ea"}, {"Category": "Milk & Cream", "Aisle": "Dairy & Eggs", "Sku": "21107359_EA", "Regular Price": "None", "Sale Price": "5.19", "Image": "https://assets.shop.loblaws.ca/products/21107359/b1/en/front/21107359_front_a01_@2.png", "Brand": "Lactantia", "Url": "https://www.maxi.ca/purfiltre-partly-skimmed-milk-2-m-f/p/21107359_EA", "Sub Category": null, "English Name": "Purfiltre Partly Skimmed Milk 2% M.F.", "Size": "1.5 l", "Size Label": "ea"}, {"Category": "Milk & Cream", "Aisle": "Dairy & Eggs", "Sku": "20686860_EA", "Regular Price": "None", "Sale Price": "3.69", "Image": "https://assets.shop.loblaws.ca/products/20686860/b1/en/front/20686860_front_a01_@2.png", "Brand": "Natrel", "Url": "https://www.maxi.ca/fine-filtered-3-25-homogenized-milk/p/20686860_EA", "Sub Category": null, "English Name": "Fine-Filtered 3.25% Homogenized Milk", "Size": "1 l", "Size Label": "ea"}, {"Category": "Milk & Cream", "Aisle": "Dairy & Eggs", "Sku": "20895480001_EA", "Regular Price": "None", "Sale Price": "5.49", "Image": "https://assets.shop.loblaws.ca/products/20895480001/b1/en/front/20895480001_front_a01_@2.png", "Brand": "International Delight", "Url": "https://www.maxi.ca/french-vanilla-flavoured-fat-free-coffee-creamer-6/p/20895480001_EA", "Sub Category": null, "English Name": "French Vanilla Flavoured Fat Free Coffee Creamer, 63 Servings", "Size": "946 ml", "Size Label": "ea"}, {"Category": "Milk & Cream", "Aisle": "Dairy & Eggs", "Sku": "20964622_EA", "Regular Price": "None", "Sale Price": "8.29", "Image": "https://assets.shop.loblaws.ca/products/20964622/b1/en/front/20964622_front_a01_@2.png", "Brand": "Nutrilait", "Url": "https://www.maxi.ca/partly-skimmed-chocolate-milk/p/20964622_EA", "Sub Category": null, "English Name": "Partly Skimmed Chocolate Milk", "Size": "4 l", "Size Label": "ea"}, {"Category": "Milk & Cream", "Aisle": "Dairy & Eggs", "Sku": "20069881_EA", "Regular Price": "None", "Sale Price": "7.39", "Image": "https://assets.shop.loblaws.ca/products/20069881/b1/en/front/20069881_front_a01_@2.png", "Brand": "QUEBON", "Url": "https://www.maxi.ca/0-milk-bags/p/20069881_EA", "Sub Category": null, "English Name": "0 Milk Bags    ", "Size": "4 l", "Size Label": "ea"}, {"Category": "Milk & Cream", "Aisle": "Dairy & Eggs", "Sku": "21241158_EA", "Regular Price": "5.54", "Sale Price": "4.79", "Image": "https://assets.shop.loblaws.ca/products/21241158/b1/en/front/21241158_front_a01_@2.png", "Brand": "Natrel", "Url": "https://www.maxi.ca/2-lactose-free-enriched-milk/p/21241158_EA", "Sub Category": null, "English Name": "2% Lactose Free Enriched Milk", "Size": "2 l", "Size Label": "ea"}, {"Category": "Milk & Cream", "Aisle": "Dairy & Eggs", "Sku": "21040935_EA", "Regular Price": "None", "Sale Price": "1.99", "Image": "https://assets.shop.loblaws.ca/products/21040935/b1/en/front/21040935_front_a01_@2.png", "Brand": "Neilson", "Url": "https://www.maxi.ca/strawberry-milkshake/p/21040935_EA", "Sub Category": null, "English Name": "Strawberry Milkshake", "Size": "310 ml", "Size Label": "ea"}, {"Category": "Milk & Cream", "Aisle": "Dairy & Eggs", "Sku": "20298601001_EA", "Regular Price": "None", "Sale Price": "5.39", "Image": "https://assets.shop.loblaws.ca/products/20298601001/b1/en/front/20298601001_front_a01_@2.png", "Brand": "Lactantia", "Url": "https://www.maxi.ca/0-1-half-half-cream/p/20298601001_EA", "Sub Category": null, "English Name": "0.1 Half & Half Cream  ", "Size": "1 l", "Size Label": "ea"}, {"Category": "Milk & Cream", "Aisle": "Dairy & Eggs", "Sku": "20809529_EA", "Regular Price": "None", "Sale Price": "4.29", "Image": "https://assets.shop.loblaws.ca/products/20809529/b1/en/front/20809529_front_a01_@2.png", "Brand": "Lactantia", "Url": "https://www.maxi.ca/cream-10/p/20809529_EA", "Sub Category": null, "English Name": "Cream, 10%", "Size": "473 ml", "Size Label": "ea"}, {"Category": "Milk & Cream", "Aisle": "Dairy & Eggs", "Sku": "20160856_EA", "Regular Price": "None", "Sale Price": "4.99", "Image": "https://assets.shop.loblaws.ca/products/20160856/b1/en/front/20160856_front_a01_@2.png", "Brand": "QUEBON", "Url": "https://www.maxi.ca/ultracream-20-whipped-cream-225-g/p/20160856_EA", "Sub Category": null, "English Name": "Ultracream 20% Whipped Cream (225 G)", "Size": "225 g", "Size Label": "ea"}, {"Category": "Milk & Cream", "Aisle": "Dairy & Eggs", "Sku": "20117016_EA", "Regular Price": "None", "Sale Price": "3.29", "Image": "https://assets.shop.loblaws.ca/products/20117016/b1/en/front/20117016_front_a01_@2.png", "Brand": "Belsoy", "Url": "https://www.maxi.ca/creamy-soy-preparation/p/20117016_EA", "Sub Category": null, "English Name": "Creamy Soy Preparation", "Size": "250 ml", "Size Label": "ea"}, {"Category": "Milk & Cream", "Aisle": "Dairy & Eggs", "Sku": "20982533_EA", "Regular Price": "None", "Sale Price": "1.99", "Image": "https://assets.shop.loblaws.ca/products/20982533/b1/en/front/20982533_front_a01_@2.png", "Brand": "Natrel", "Url": "https://www.maxi.ca/single-serve-chocolate-milk/p/20982533_EA", "Sub Category": null, "English Name": "Single Serve Chocolate Milk", "Size": "310 ml", "Size Label": "ea"}, {"Category": "Milk & Cream", "Aisle": "Dairy & Eggs", "Sku": "21345920_EA", "Regular Price": "None", "Sale Price": "4.79", "Image": "https://assets.shop.loblaws.ca/products/21345920/b1/en/front/21345920_front_a01_@2.png", "Brand": "Natrel", "Url": "https://www.maxi.ca/natrel-plus-3-25-lactose-free-enriched-milk/p/21345920_EA", "Sub Category": null, "English Name": "Natrel Plus 3.25% Lactose Free Enriched Milk", "Size": "2 l", "Size Label": "ea"}, {"Category": "Milk & Cream", "Aisle": "Dairy & Eggs", "Sku": "20695221001_EA", "Regular Price": "None", "Sale Price": "3.79", "Image": "https://assets.shop.loblaws.ca/products/20695221001/b1/en/front/20695221001_front_a01_@2.png", "Brand": "QUEBON", "Url": "https://www.maxi.ca/milk-5-dairy-blend-for-coffee-473-ml/p/20695221001_EA", "Sub Category": null, "English Name": "Milk, 5% Dairy Blend For Coffee (473 Ml)", "Size": "473 ml", "Size Label": "ea"}, {"Category": "Milk & Cream", "Aisle": "Dairy & Eggs", "Sku": "21460123_EA", "Regular Price": "None", "Sale Price": "6.49", "Image": "https://assets.shop.loblaws.ca/products/21460123/b1/en/front/21460123_front_a01_@2.png", "Brand": "Starbucks", "Url": "https://www.maxi.ca/almond-and-oat-non-dairy-pumpkin-spice-latte-coffe/p/21460123_EA", "Sub Category": null, "English Name": "Almond And Oat Non Dairy Pumpkin Spice Latte Coffee Enhancer", "Size": "828 ml", "Size Label": "ea"}, {"Category": "Milk & Cream", "Aisle": "Dairy & Eggs", "Sku": "20118970_EA", "Regular Price": "None", "Sale Price": "3.69", "Image": "https://assets.shop.loblaws.ca/products/20118970/b1/en/front/20118970_front_a01_@2.png", "Brand": "Purefilter", "Url": "https://www.maxi.ca/lactantia-2-milk/p/20118970_EA", "Sub Category": null, "English Name": "Lactantia 2% Milk", "Size": "1 l", "Size Label": "ea"}, {"Category": "Milk & Cream", "Aisle": "Dairy & Eggs", "Sku": "20161817_EA", "Regular Price": "None", "Sale Price": "4.06", "Image": "https://assets.shop.loblaws.ca/products/20161817/b1/en/front/20161817_front_a01_@2.png", "Brand": "Nutrilait", "Url": "https://www.maxi.ca/skim-milk/p/20161817_EA", "Sub Category": null, "English Name": "Skim Milk", "Size": "2 l", "Size Label": "ea"}, {"Category": "Milk & Cream", "Aisle": "Dairy & Eggs", "Sku": "20077874004_EA", "Regular Price": "6.29", "Sale Price": "4.79", "Image": "https://assets.shop.loblaws.ca/products/20077874004/b1/en/front/20077874004_front_a01_@2.png", "Brand": "Natrel", "Url": "https://www.maxi.ca/lactose-free-fat-free-skim-0-dairy-product-2l/p/20077874004_EA", "Sub Category": null, "English Name": "Lactose Free Fat Free Skim 0% Dairy Product (2L)", "Size": "2 l", "Size Label": "ea"}, {"Category": "Milk & Cream", "Aisle": "Dairy & Eggs", "Sku": "20178790_EA", "Regular Price": "None", "Sale Price": "3.99", "Image": "https://assets.shop.loblaws.ca/products/20178790/b1/en/front/20178790_front_a01_@2.png", "Brand": "QUEBON", "Url": "https://www.maxi.ca/0-fat-free-skim-milk-2l/p/20178790_EA", "Sub Category": null, "English Name": "0% Fat Free Skim Milk (2L)", "Size": "2 l", "Size Label": "ea"}, {"Category": "Milk & Cream", "Aisle": "Dairy & Eggs", "Sku": "20049408_EA", "Regular Price": "None", "Sale Price": "2.13", "Image": "https://assets.shop.loblaws.ca/products/20049408/b1/en/front/20049408_front_a01_@2.png", "Brand": "QUEBON", "Url": "https://www.maxi.ca/1-milk/p/20049408_EA", "Sub Category": null, "English Name": "1% Milk", "Size": "1 l", "Size Label": "ea"}, {"Category": "Milk & Cream", "Aisle": "Dairy & Eggs", "Sku": "20120696_EA", "Regular Price": "None", "Sale Price": "4.69", "Image": "https://assets.shop.loblaws.ca/products/20120696/b1/en/front/20120696_front_a01_@2.png", "Brand": "Purefilter", "Url": "https://www.maxi.ca/skim-milk-0-m-f/p/20120696_EA", "Sub Category": null, "English Name": "Skim Milk 0% M.F.", "Size": "2 l", "Size Label": "ea"}, {"Category": "Milk & Cream", "Aisle": "Dairy & Eggs", "Sku": "20085624_EA", "Regular Price": "None", "Sale Price": "4.29", "Image": "https://assets.shop.loblaws.ca/products/20085624/b1/en/front/20085624_front_a01_@2.png", "Brand": "Natrel", "Url": "https://www.maxi.ca/1-chocolate-milk-6x200-ml/p/20085624_EA", "Sub Category": null, "English Name": "1% Chocolate Milk (6X200 Ml)", "Size": "6x200.0 ml", "Size Label": "ea"}, {"Category": "Milk & Cream", "Aisle": "Dairy & Eggs", "Sku": "21021391_EA", "Regular Price": "None", "Sale Price": "5.49", "Image": "https://assets.shop.loblaws.ca/products/21021391/b1/en/front/21021391_front_a01_@2.png", "Brand": "Nutrilait", "Url": "https://www.maxi.ca/coffee-cream-10-m-f/p/21021391_EA", "Sub Category": null, "English Name": "Coffee Cream, 10%m.f", "Size": "1 l", "Size Label": "ea"}, {"Category": "Milk & Cream", "Aisle": "Dairy & Eggs", "Sku": "20102383_EA", "Regular Price": "None", "Sale Price": "4.49", "Image": "https://assets.shop.loblaws.ca/products/20102383/b1/en/front/20102383_front_a01_@2.png", "Brand": "Natrel", "Url": "https://www.maxi.ca/fine-filtered-0-fat-free-skim-milk-2l/p/20102383_EA", "Sub Category": null, "English Name": "Fine-Filtered 0% Fat Free Skim Milk (2L)", "Size": "2 l", "Size Label": "ea"}, {"Category": "Milk & Cream", "Aisle": "Dairy & Eggs", "Sku": "21339266_EA", "Regular Price": "None", "Sale Price": "4.41", "Image": "https://assets.shop.loblaws.ca/products/21339266/b1/en/front/21339266_front_a01_@2.png", "Brand": "The A2 Milk Company", "Url": "https://www.maxi.ca/3-25-m-f-homogenized-milk/p/21339266_EA", "Sub Category": null, "English Name": "3.25% M.F. Homogenized Milk", "Size": "2 l", "Size Label": "ea"}, {"Category": "Milk & Cream", "Aisle": "Dairy & Eggs", "Sku": "21091209_EA", "Regular Price": "None", "Sale Price": "6.49", "Image": "https://assets.shop.loblaws.ca/products/21091209/b1/en/front/21091209_front_a01_@2.png", "Brand": "Nestl\u00e9", "Url": "https://www.maxi.ca/coffee-mate-liquid-french-vanilla/p/21091209_EA", "Sub Category": null, "English Name": "Coffee Mate Liquid French Vanilla", "Size": "946 ml", "Size Label": "ea"}, {"Category": "Milk & Cream", "Aisle": "Dairy & Eggs", "Sku": "20064138_EA", "Regular Price": "None", "Sale Price": "4.60", "Image": "https://assets.shop.loblaws.ca/products/20064138/b1/en/front/20064138_front_a01_@2.png", "Brand": "Nutrilait", "Url": "https://www.maxi.ca/3-25-m-f-homogenized-milk/p/20064138_EA", "Sub Category": null, "English Name": "3.25% M.F. Homogenized Milk", "Size": "2 l", "Size Label": "ea"}, {"Category": "Milk & Cream", "Aisle": "Dairy & Eggs", "Sku": "20170922_EA", "Regular Price": "None", "Sale Price": "8.69", "Image": "https://assets.shop.loblaws.ca/products/20170922/b1/en/front/20170922_front_a01_@2.png", "Brand": "Purefilter", "Url": "https://www.maxi.ca/1-bags/p/20170922_EA", "Sub Category": null, "English Name": "1% (Bags)", "Size": "4 l", "Size Label": "ea"}, {"Category": "Milk & Cream", "Aisle": "Dairy & Eggs", "Sku": "21003197_EA", "Regular Price": "None", "Sale Price": "4.19", "Image": "https://assets.shop.loblaws.ca/products/21003197/b1/en/front/21003197_front_a01_@2.png", "Brand": "QUEBON", "Url": "https://www.maxi.ca/1-strawberry-milk-2l/p/21003197_EA", "Sub Category": null, "English Name": "1% Strawberry Milk (2L)", "Size": "2 l", "Size Label": "ea"}, {"Category": "Milk & Cream", "Aisle": "Dairy & Eggs", "Sku": "21107148_EA", "Regular Price": "None", "Sale Price": "5.19", "Image": "https://assets.shop.loblaws.ca/products/21107148/b1/en/front/21107148_front_a01_@2.png", "Brand": "Lactantia", "Url": "https://www.maxi.ca/purfiltre-partly-skimmed-milk-1-m-f/p/21107148_EA", "Sub Category": null, "English Name": "Purfiltre Partly Skimmed Milk 1% M.F.", "Size": "1.5 l", "Size Label": "ea"}, {"Category": "Milk & Cream", "Aisle": "Dairy & Eggs", "Sku": "20051601_EA", "Regular Price": "None", "Sale Price": "3.69", "Image": "https://assets.shop.loblaws.ca/products/20051601/b1/en/front/20051601_front_a01_@2.png", "Brand": "Natrel", "Url": "https://www.maxi.ca/fine-filtered-2-milk-1l/p/20051601_EA", "Sub Category": null, "English Name": "Fine-Filtered 2% Milk (1L)", "Size": "1 l", "Size Label": "ea"}, {"Category": "Milk & Cream", "Aisle": "Dairy & Eggs", "Sku": "20895480007_EA", "Regular Price": "None", "Sale Price": "5.49", "Image": "https://assets.shop.loblaws.ca/products/20895480007/b1/en/front/20895480007_front_a01_@2.png", "Brand": "International Delight", "Url": "https://www.maxi.ca/vanilla-toffee-caramel-coffee-creamer-63-servings/p/20895480007_EA", "Sub Category": null, "English Name": "Vanilla Toffee Caramel Coffee Creamer, 63 Servings", "Size": "946 ml", "Size Label": "ea"}, {"Category": "Milk & Cream", "Aisle": "Dairy & Eggs", "Sku": "20695281002_EA", "Regular Price": "None", "Sale Price": "2.99", "Image": "https://assets.shop.loblaws.ca/products/20695281002/b1/en/front/20695281002_front_a01_@2.png", "Brand": "QUEBON", "Url": "https://www.maxi.ca/15-country-style-cream-237-ml/p/20695281002_EA", "Sub Category": null, "English Name": "15% Country Style Cream (237 Ml)", "Size": "237 ml", "Size Label": "ea"}, {"Category": "Milk & Cream", "Aisle": "Dairy & Eggs", "Sku": "20165466_EA", "Regular Price": "None", "Sale Price": "8.39", "Image": "https://assets.shop.loblaws.ca/products/20165466/b1/en/front/20165466_front_a01_@2.png", "Brand": "QUEBON", "Url": "https://www.maxi.ca/homogenized-milk/p/20165466_EA", "Sub Category": null, "English Name": "Homogenized Milk", "Size": "4 l", "Size Label": "ea"}, {"Category": "Milk & Cream", "Aisle": "Dairy & Eggs", "Sku": "21040932_EA", "Regular Price": "None", "Sale Price": "1.99", "Image": "https://assets.shop.loblaws.ca/products/21040932/b1/en/front/21040932_front_a01_@2.png", "Brand": "Neilson", "Url": "https://www.maxi.ca/french-vanilla-milkshake/p/21040932_EA", "Sub Category": null, "English Name": "French Vanilla Milkshake", "Size": "310 ml", "Size Label": "ea"}, {"Category": "Milk & Cream", "Aisle": "Dairy & Eggs", "Sku": "21496739_EA", "Regular Price": "None", "Sale Price": "5.59", "Image": "https://assets.shop.loblaws.ca/products/21496739/b1/en/front/21496739_front_a01_@2.png", "Brand": "Lactantia", "Url": "https://www.maxi.ca/ultrap-r-dairy-product-3-25-m-f/p/21496739_EA", "Sub Category": null, "English Name": "Ultrap\u016br Dairy Product 3.25% M.F.", "Size": "1.5 l", "Size Label": "ea"}, {"Category": "Milk & Cream", "Aisle": "Dairy & Eggs", "Sku": "21065263_EA", "Regular Price": "None", "Sale Price": "5.99", "Image": "https://assets.shop.loblaws.ca/products/21065263/b1/en/front/21065263_front_a01_@2.png", "Brand": "Milk 2 Go", "Url": "https://www.maxi.ca/chocolate-partly-skimmed-milk-1-m-f-6-x/p/21065263_EA", "Sub Category": null, "English Name": "Chocolate Partly Skimmed Milk 1% M.F. 6 x", "Size": "6x200.0 ml", "Size Label": "ea"}, {"Category": "Milk & Cream", "Aisle": "Dairy & Eggs", "Sku": "20723286002_EA", "Regular Price": "None", "Sale Price": "2.29", "Image": "https://assets.shop.loblaws.ca/products/20723286002/b1/en/front/20723286002_front_a01_@2.png", "Brand": "Milk 2 Go", "Url": "https://www.maxi.ca/sport-vanilla/p/20723286002_EA", "Sub Category": null, "English Name": "Sport, Vanilla", "Size": "325 ml", "Size Label": "ea"}, {"Category": "Milk & Cream", "Aisle": "Dairy & Eggs", "Sku": "20057494_EA", "Regular Price": "5.29", "Sale Price": "4.69", "Image": "https://assets.shop.loblaws.ca/products/20057494/b1/en/front/20057494_front_a01_@2.png", "Brand": "Lactantia", "Url": "https://www.maxi.ca/lactose-free-lactaid-skim-milk/p/20057494_EA", "Sub Category": null, "English Name": "Lactose Free Lactaid Skim Milk", "Size": "2 l", "Size Label": "ea"}, {"Category": "Milk & Cream", "Aisle": "Dairy & Eggs", "Sku": "20695226001_EA", "Regular Price": "None", "Sale Price": "4.49", "Image": "https://assets.shop.loblaws.ca/products/20695226001/b1/en/front/20695226001_front_a01_@2.png", "Brand": "QUEBON", "Url": "https://www.maxi.ca/15-table-cream-473-ml/p/20695226001_EA", "Sub Category": null, "English Name": "15% Table Cream (473 Ml)", "Size": "473 ml", "Size Label": "ea"}, {"Category": "Milk & Cream", "Aisle": "Dairy & Eggs", "Sku": "21162935_EA", "Regular Price": "None", "Sale Price": "6.79", "Image": "https://assets.shop.loblaws.ca/products/21162935/b1/en/front/21162935_front_a01_@2.png", "Brand": "Nutrilait", "Url": "https://www.maxi.ca/18-table-cream/p/21162935_EA", "Sub Category": null, "English Name": "18% Table Cream", "Size": "1 l", "Size Label": "ea"}, {"Category": "Milk & Cream", "Aisle": "Dairy & Eggs", "Sku": "20695763002_EA", "Regular Price": "None", "Sale Price": "5.99", "Image": "https://assets.shop.loblaws.ca/products/20695763002/b1/en/front/20695763002_front_a01_@2.png", "Brand": "QUEBON", "Url": "https://www.maxi.ca/35-cooking-cream-473-ml/p/20695763002_EA", "Sub Category": null, "English Name": "35% Cooking Cream (473 Ml)", "Size": "473 ml", "Size Label": "ea"}, {"Category": "Milk & Cream", "Aisle": "Dairy & Eggs", "Sku": "20809870_EA", "Regular Price": "None", "Sale Price": "5.79", "Image": "https://assets.shop.loblaws.ca/products/20809870/b1/en/front/20809870_front_a01_@2.png", "Brand": "Lactantia", "Url": "https://www.maxi.ca/35-cooking-cream/p/20809870_EA", "Sub Category": null, "English Name": "35% Cooking Cream", "Size": "473 ml", "Size Label": "ea"}, {"Category": "Milk & Cream", "Aisle": "Dairy & Eggs", "Sku": "20809697_EA", "Regular Price": "None", "Sale Price": "4.29", "Image": "https://assets.shop.loblaws.ca/products/20809697/b1/en/front/20809697_front_a01_@2.png", "Brand": "Lactantia", "Url": "https://www.maxi.ca/15-old-fashioned-cream/p/20809697_EA", "Sub Category": null, "English Name": "15% Old Fashioned Cream", "Size": "473 ml", "Size Label": "ea"}, {"Category": "Milk & Cream", "Aisle": "Dairy & Eggs", "Sku": "20132128_EA", "Regular Price": "None", "Sale Price": "3.69", "Image": "https://assets.shop.loblaws.ca/products/20132128/b1/en/front/20132128_front_a01_@2.png", "Brand": "Natrel", "Url": "https://www.maxi.ca/milk-fine-filtered-0-fat-free-skim-1l/p/20132128_EA", "Sub Category": null, "English Name": "Milk, Fine-Filtered 0% Fat Free Skim (1L)", "Size": "1 l", "Size Label": "ea"}, {"Category": "Milk & Cream", "Aisle": "Dairy & Eggs", "Sku": "21166538_EA", "Regular Price": "7.49", "Sale Price": "6.79", "Image": "https://assets.shop.loblaws.ca/products/21166538/b1/en/front/21166538_front_a01_@2.png", "Brand": "Natrel", "Url": "https://www.maxi.ca/organic-2-chocolate-milk/p/21166538_EA", "Sub Category": null, "English Name": "Organic 2% Chocolate Milk", "Size": "2 l", "Size Label": "ea"}, {"Category": "Milk & Cream", "Aisle": "Dairy & Eggs", "Sku": "21107151_EA", "Regular Price": "None", "Sale Price": "5.99", "Image": "https://assets.shop.loblaws.ca/products/21107151/b1/en/front/21107151_front_a01_@2.png", "Brand": "Lactantia", "Url": "https://www.maxi.ca/dairy-product-lactose-free-2-m-f/p/21107151_EA", "Sub Category": null, "English Name": "Dairy Product Lactose Free 2% M.F.", "Size": "1.5 l", "Size Label": "ea"}, {"Category": "Milk & Cream", "Aisle": "Dairy & Eggs", "Sku": "20894851_EA", "Regular Price": "None", "Sale Price": "7.99", "Image": "https://assets.shop.loblaws.ca/products/20894851/b1/en/front/20894851_front_a01_@2.png", "Brand": "Nutrilait", "Url": "https://www.maxi.ca/2-milk/p/20894851_EA", "Sub Category": null, "English Name": "2% Milk", "Size": "4 l", "Size Label": "ea"}, {"Category": "Milk & Cream", "Aisle": "Dairy & Eggs", "Sku": "20111190_EA", "Regular Price": "None", "Sale Price": "4.15", "Image": "https://assets.shop.loblaws.ca/products/20111190/b1/en/front/20111190_front_a01_@2.png", "Brand": "QUEBON", "Url": "https://www.maxi.ca/1-milk/p/20111190_EA", "Sub Category": null, "English Name": "1% Milk", "Size": "2 l", "Size Label": "ea"}, {"Category": "Milk & Cream", "Aisle": "Dairy & Eggs", "Sku": "20894951_EA", "Regular Price": "None", "Sale Price": "7.39", "Image": "https://assets.shop.loblaws.ca/products/20894951/b1/en/front/20894951_front_a01_@2.png", "Brand": "Nutrilait", "Url": "https://www.maxi.ca/skimmed-milk/p/20894951_EA", "Sub Category": null, "English Name": "Skimmed Milk", "Size": "4 l", "Size Label": "ea"}, {"Category": "Milk & Cream", "Aisle": "Dairy & Eggs", "Sku": "20038875_EA", "Regular Price": "None", "Sale Price": "4.19", "Image": "https://assets.shop.loblaws.ca/products/20038875/b1/en/front/20038875_front_a01_@2.png", "Brand": "QUEBON", "Url": "https://www.maxi.ca/1-chocolate-milk/p/20038875_EA", "Sub Category": null, "English Name": "1% Chocolate Milk", "Size": "2 l", "Size Label": "ea"}, {"Category": "Milk & Cream", "Aisle": "Dairy & Eggs", "Sku": "21339277_EA", "Regular Price": "None", "Sale Price": "4.41", "Image": "https://assets.shop.loblaws.ca/products/21339277/b1/en/front/21339277_front_a01_@2.png", "Brand": "The A2 Milk Company", "Url": "https://www.maxi.ca/1-m-f-partly-skimmed-milk/p/21339277_EA", "Sub Category": null, "English Name": "1% M.F. Partly Skimmed Milk", "Size": "2 l", "Size Label": "ea"}, {"Category": "Milk & Cream", "Aisle": "Dairy & Eggs", "Sku": "20809698_EA", "Regular Price": "None", "Sale Price": "5.79", "Image": "https://assets.shop.loblaws.ca/products/20809698/b1/en/front/20809698_front_a01_@2.png", "Brand": "Lactantia", "Url": "https://www.maxi.ca/0-35-old-fashioned-cream/p/20809698_EA", "Sub Category": null, "English Name": "0.35 Old Fashioned Cream   ", "Size": "473 ml", "Size Label": "ea"}, {"Category": "Milk & Cream", "Aisle": "Dairy & Eggs", "Sku": "20002757_EA", "Regular Price": "None", "Sale Price": "4.59", "Image": "https://assets.shop.loblaws.ca/products/20002757/b1/en/front/20002757_front_a01_@2.png", "Brand": "QUEBON", "Url": "https://www.maxi.ca/3-25-m-f-homogenized-milk/p/20002757_EA", "Sub Category": null, "English Name": "3.25% M.F. Homogenized Milk", "Size": "2 l", "Size Label": "ea"}, {"Category": "Milk & Cream", "Aisle": "Dairy & Eggs", "Sku": "21358473_EA", "Regular Price": "7.49", "Sale Price": "5.99", "Image": "https://assets.shop.loblaws.ca/products/21358473/b1/en/front/21358473_front_a01_@2.png", "Brand": "Starbucks", "Url": "https://www.maxi.ca/caramel-macchiato-liquid-coffee-enhancer/p/21358473_EA", "Sub Category": null, "English Name": "Caramel Macchiato Liquid Coffee Enhancer", "Size": "828 ml", "Size Label": "ea"}, {"Category": "Milk & Cream", "Aisle": "Dairy & Eggs", "Sku": "20323668002_EA", "Regular Price": "None", "Sale Price": "2.59", "Image": "https://assets.shop.loblaws.ca/products/20323668002/b1/en/front/20323668002_front_a01_@2.png", "Brand": "Nestl\u00e9", "Url": "https://www.maxi.ca/nesquik-milkshake/p/20323668002_EA", "Sub Category": null, "English Name": "Nesquik Milkshake", "Size": "473 ml", "Size Label": "ea"}, {"Category": "Milk & Cream", "Aisle": "Dairy & Eggs", "Sku": "20032159_EA", "Regular Price": "None", "Sale Price": "8.69", "Image": "https://assets.shop.loblaws.ca/products/20032159/b1/en/front/20032159_front_a01_@2.png", "Brand": "Purefilter", "Url": "https://www.maxi.ca/lactantia-skim-milk-bags/p/20032159_EA", "Sub Category": null, "English Name": "Lactantia Skim Milk (Bags)", "Size": "4 l", "Size Label": "ea"}, {"Category": "Milk & Cream", "Aisle": "Dairy & Eggs", "Sku": "21163394_EA", "Regular Price": "None", "Sale Price": "4.49", "Image": "https://assets.shop.loblaws.ca/products/21163394/b1/en/front/21163394_front_a01_@2.png", "Brand": "Neilson", "Url": "https://www.maxi.ca/milk-ultrafiltered-partly-skimmed-2-m-f/p/21163394_EA", "Sub Category": null, "English Name": "Milk, Ultrafiltered Partly Skimmed 2% M.F.", "Size": "1 l", "Size Label": "ea"}, {"Category": "Milk & Cream", "Aisle": "Dairy & Eggs", "Sku": "21163395_EA", "Regular Price": "None", "Sale Price": "4.49", "Image": "https://assets.shop.loblaws.ca/products/21163395/b1/en/front/21163395_front_a01_@2.png", "Brand": "Neilson", "Url": "https://www.maxi.ca/chocolate-dairy-beverage-2-m-f/p/21163395_EA", "Sub Category": null, "English Name": "Chocolate Dairy Beverage 2% M.F.", "Size": "1 l", "Size Label": "ea"}, {"Category": "Milk & Cream", "Aisle": "Dairy & Eggs", "Sku": "20894951_EA", "Regular Price": "None", "Sale Price": "7.39", "Image": "https://assets.shop.loblaws.ca/products/20894951/b1/en/front/20894951_front_a01_@2.png", "Brand": "Nutrilait", "Url": "https://www.maxi.ca/skimmed-milk/p/20894951_EA", "Sub Category": null, "English Name": "Skimmed Milk", "Size": "4 l", "Size Label": "ea"}, {"Category": "Milk & Cream", "Aisle": "Dairy & Eggs", "Sku": "20038875_EA", "Regular Price": "None", "Sale Price": "4.19", "Image": "https://assets.shop.loblaws.ca/products/20038875/b1/en/front/20038875_front_a01_@2.png", "Brand": "QUEBON", "Url": "https://www.maxi.ca/1-chocolate-milk/p/20038875_EA", "Sub Category": null, "English Name": "1% Chocolate Milk", "Size": "2 l", "Size Label": "ea"}, {"Category": "Milk & Cream", "Aisle": "Dairy & Eggs", "Sku": "21339277_EA", "Regular Price": "None", "Sale Price": "4.41", "Image": "https://assets.shop.loblaws.ca/products/21339277/b1/en/front/21339277_front_a01_@2.png", "Brand": "The A2 Milk Company", "Url": "https://www.maxi.ca/1-m-f-partly-skimmed-milk/p/21339277_EA", "Sub Category": null, "English Name": "1% M.F. Partly Skimmed Milk", "Size": "2 l", "Size Label": "ea"}, {"Category": "Milk & Cream", "Aisle": "Dairy & Eggs", "Sku": "20172699_EA", "Regular Price": "None", "Sale Price": "2.05", "Image": "https://assets.shop.loblaws.ca/products/20172699/b1/en/front/20172699_front_a01_@2.png", "Brand": "QUEBON", "Url": "https://www.maxi.ca/0-fat-free-skim-milk-1l/p/20172699_EA", "Sub Category": null, "English Name": "0% Fat Free Skim Milk (1L)", "Size": "1 l", "Size Label": "ea"}, {"Category": "Milk & Cream", "Aisle": "Dairy & Eggs", "Sku": "20895957004_EA", "Regular Price": "None", "Sale Price": "3.19", "Image": "https://assets.shop.loblaws.ca/products/20895957004/b1/en/front/20895957004_front_a01_@2.png", "Brand": "Baileys", "Url": "https://www.maxi.ca/original-irish-cream/p/20895957004_EA", "Sub Category": null, "English Name": "Original Irish Cream", "Size": "400 ml", "Size Label": "ea"}, {"Category": "Milk & Cream", "Aisle": "Dairy & Eggs", "Sku": "20700658_EA", "Regular Price": "None", "Sale Price": "6.29", "Image": "https://assets.shop.loblaws.ca/products/20700658/b1/en/front/20700658_front_a01_@2.png", "Brand": "Natrel", "Url": "https://www.maxi.ca/35-lactose-free-whipping-cream/p/20700658_EA", "Sub Category": null, "English Name": "35% Lactose Free Whipping Cream", "Size": "473 ml", "Size Label": "ea"}, {"Category": "Milk & Cream", "Aisle": "Dairy & Eggs", "Sku": "20595216_EA", "Regular Price": "4.99", "Sale Price": "4.69", "Image": "https://assets.shop.loblaws.ca/products/20595216/b1/en/front/20595216_front_a01_@2.png", "Brand": "Lactantia", "Url": "https://www.maxi.ca/lactose-free-homogenized-milk/p/20595216_EA", "Sub Category": null, "English Name": "Lactose Free Homogenized Milk", "Size": "2 l", "Size Label": "ea"}, {"Category": "Milk & Cream", "Aisle": "Dairy & Eggs", "Sku": "21436915_EA", "Regular Price": "7.49", "Sale Price": "5.99", "Image": "https://assets.shop.loblaws.ca/products/21436915/b1/en/front/21436915_front_a01_@2.png", "Brand": "Starbucks", "Url": "https://www.maxi.ca/almond-and-oat-dairy-free-hazelnut-latte-coffee-en/p/21436915_EA", "Sub Category": null, "English Name": "Almond And Oat Dairy Free Hazelnut Latte Coffee Enhancer", "Size": "828 ml", "Size Label": "ea"}, {"Category": "Milk & Cream", "Aisle": "Dairy & Eggs", "Sku": "20090506_EA", "Regular Price": "7.09", "Sale Price": "6.79", "Image": "https://assets.shop.loblaws.ca/products/20090506/b1/en/front/20090506_front_a01_@2.png", "Brand": "Natrel", "Url": "https://www.maxi.ca/organic-1-milk-2l/p/20090506_EA", "Sub Category": null, "English Name": "Organic 1% Milk (2L)", "Size": "2 l", "Size Label": "ea"}, {"Category": "Milk & Cream", "Aisle": "Dairy & Eggs", "Sku": "20695763001_EA", "Regular Price": "None", "Sale Price": "5.99", "Image": "https://assets.shop.loblaws.ca/products/20695763001/b1/en/front/20695763001_front_a01_@2.png", "Brand": "QUEBON", "Url": "https://www.maxi.ca/35-whipping-cream-473-ml/p/20695763001_EA", "Sub Category": null, "English Name": "35% Whipping Cream (473 Ml)", "Size": "473 ml", "Size Label": "ea"}, {"Category": "Milk & Cream", "Aisle": "Dairy & Eggs", "Sku": "20695763003_EA", "Regular Price": "None", "Sale Price": "5.99", "Image": "https://assets.shop.loblaws.ca/products/20695763003/b1/en/front/20695763003_front_a01_@2.png", "Brand": "QUEBON", "Url": "https://www.maxi.ca/35-country-style-cream-473-ml/p/20695763003_EA", "Sub Category": null, "English Name": "35% Country Style Cream (473 Ml)", "Size": "473 ml", "Size Label": "ea"}, {"Category": "Milk & Cream", "Aisle": "Dairy & Eggs", "Sku": "20156331_EA", "Regular Price": "None", "Sale Price": "11.69", "Image": "https://assets.shop.loblaws.ca/products/20156331/b1/en/front/20156331_front_a01_@2.png", "Brand": "Natrel", "Url": "https://www.maxi.ca/lactose-free-2-dairy-product-4l/p/20156331_EA", "Sub Category": null, "English Name": "Lactose Free 2% Dairy Product (4L)", "Size": "4 l", "Size Label": "ea"}, {"Category": "Milk & Cream", "Aisle": "Dairy & Eggs", "Sku": "20809530_EA", "Regular Price": "None", "Sale Price": "4.29", "Image": "https://assets.shop.loblaws.ca/products/20809530/b1/en/front/20809530_front_a01_@2.png", "Brand": "Lactantia", "Url": "https://www.maxi.ca/15-cooking-cream/p/20809530_EA", "Sub Category": null, "English Name": "15% Cooking Cream", "Size": "473 ml", "Size Label": "ea"}, {"Category": "Milk & Cream", "Aisle": "Dairy & Eggs", "Sku": "20809468_EA", "Regular Price": "None", "Sale Price": "4.29", "Image": "https://assets.shop.loblaws.ca/products/20809468/b1/en/front/20809468_front_a01_@2.png", "Brand": "Lactantia", "Url": "https://www.maxi.ca/cr-mette-5/p/20809468_EA", "Sub Category": null, "English Name": "Cr\u00e9mette, 5%", "Size": "473 ml", "Size Label": "ea"}, {"Category": "Milk & Cream", "Aisle": "Dairy & Eggs", "Sku": "20121238_EA", "Regular Price": "None", "Sale Price": "9.49", "Image": "https://assets.shop.loblaws.ca/products/20121238/b1/en/front/20121238_front_a01_@2.png", "Brand": "Natrel", "Url": "https://www.maxi.ca/fine-filtered-3-25-homogenized-milk-bags/p/20121238_EA", "Sub Category": null, "English Name": "Fine-Filtered 3.25% Homogenized Milk (Bags)", "Size": "4 l", "Size Label": "ea"}, {"Category": "Milk & Cream", "Aisle": "Dairy & Eggs", "Sku": "20116970_EA", "Regular Price": "None", "Sale Price": "7.19", "Image": "https://assets.shop.loblaws.ca/products/20116970/b1/en/front/20116970_front_a01_@2.png", "Brand": "QUEBON", "Url": "https://www.maxi.ca/15-country-style-cream-1l/p/20116970_EA", "Sub Category": null, "English Name": "15% Country Style Cream (1L)", "Size": "1 l", "Size Label": "ea"}, {"Category": "Milk & Cream", "Aisle": "Dairy & Eggs", "Sku": "20695226003_EA", "Regular Price": "None", "Sale Price": "4.49", "Image": "https://assets.shop.loblaws.ca/products/20695226003/b1/en/front/20695226003_front_a01_@2.png", "Brand": "QUEBON", "Url": "https://www.maxi.ca/15-cooking-cream-473-ml/p/20695226003_EA", "Sub Category": null, "English Name": "15% Cooking Cream (473 Ml)", "Size": "473 ml", "Size Label": "ea"}, {"Category": "Milk & Cream", "Aisle": "Dairy & Eggs", "Sku": "21154275_EA", "Regular Price": "None", "Sale Price": "5.99", "Image": "https://assets.shop.loblaws.ca/products/21154275/b1/en/front/21154275_front_a01_@2.png", "Brand": "Lactantia", "Url": "https://www.maxi.ca/whole-milk-organic-3-8-m-f/p/21154275_EA", "Sub Category": null, "English Name": "Whole Milk Organic 3.8% M.F.", "Size": "1.5 l", "Size Label": "ea"}, {"Category": "Milk & Cream", "Aisle": "Dairy & Eggs", "Sku": "21303033_EA", "Regular Price": "None", "Sale Price": "9.29", "Image": "https://assets.shop.loblaws.ca/products/21303033/b1/en/front/21303033_front_a01_@2.png", "Brand": "Nestl\u00e9", "Url": "https://www.maxi.ca/coffee-mate-coffee-enhancer-hazelnut-value-size/p/21303033_EA", "Sub Category": null, "English Name": "Coffee Mate Coffee Enhancer Hazelnut Value Size", "Size": "1.89 l", "Size Label": "ea"}, {"Category": "Milk & Cream", "Aisle": "Dairy & Eggs", "Sku": "20309221002_EA", "Regular Price": "None", "Sale Price": "3.99", "Image": "https://assets.shop.loblaws.ca/products/20309221002/b1/en/front/20309221002_front_a01_@2.png", "Brand": "Nestl\u00e9", "Url": "https://www.maxi.ca/coffee-mate-original-powder/p/20309221002_EA", "Sub Category": null, "English Name": "COFFEE-MATE Original Powder", "Size": "450 g", "Size Label": "ea"}, {"Category": "Milk & Cream", "Aisle": "Dairy & Eggs", "Sku": "21048231_EA", "Regular Price": "None", "Sale Price": "12.09", "Image": "https://assets.shop.loblaws.ca/products/21048231/b1/en/front/21048231_front_a01_@2.png", "Brand": "Lactantia", "Url": "https://www.maxi.ca/milk-lactose-free-homogenized-3-25-m-f/p/21048231_EA", "Sub Category": null, "English Name": "Milk, Lactose Free Homogenized 3.25% M.F.", "Size": "4 l", "Size Label": "ea"}, {"Category": "Milk & Cream", "Aisle": "Dairy & Eggs", "Sku": "21358115_EA", "Regular Price": "None", "Sale Price": "5.49", "Image": "https://assets.shop.loblaws.ca/products/21358115/b1/en/front/21358115_front_a01_@2.png", "Brand": "International Delight", "Url": "https://www.maxi.ca/maple-latte-flavoured-coffee-creamer-63-servings/p/21358115_EA", "Sub Category": null, "English Name": "Maple Latte Flavoured Coffee Creamer, 63 Servings", "Size": "946 ml", "Size Label": "ea"}, {"Category": "Milk & Cream", "Aisle": "Dairy & Eggs", "Sku": "20310777003_EA", "Regular Price": "None", "Sale Price": "4.49", "Image": "https://assets.shop.loblaws.ca/products/20310777003/b1/en/front/20310777003_front_a01_@2.png", "Brand": "Natrel", "Url": "https://www.maxi.ca/fine-filtered-1-milk-2l/p/20310777003_EA", "Sub Category": null, "English Name": "Fine-Filtered 1% Milk (2L)", "Size": "2 l", "Size Label": "ea"}, {"Category": "Milk & Cream", "Aisle": "Dairy & Eggs", "Sku": "20822228_EA", "Regular Price": "6.29", "Sale Price": "4.79", "Image": "https://assets.shop.loblaws.ca/products/20822228/b1/en/front/20822228_front_a01_@2.png", "Brand": "Natrel", "Url": "https://www.maxi.ca/lactose-free-3-25-homogenized-milk/p/20822228_EA", "Sub Category": null, "English Name": "Lactose Free 3.25% Homogenized Milk", "Size": "2 l", "Size Label": "ea"}, {"Category": "Milk & Cream", "Aisle": "Dairy & Eggs", "Sku": "21436900_EA", "Regular Price": "7.49", "Sale Price": "5.99", "Image": "https://assets.shop.loblaws.ca/products/21436900/b1/en/front/21436900_front_a01_@2.png", "Brand": "Starbucks", "Url": "https://www.maxi.ca/almond-and-oat-dairy-free-caramel-macchiato-coffee/p/21436900_EA", "Sub Category": null, "English Name": "Almond And Oat Dairy Free Caramel Macchiato Coffee Enhancer", "Size": "828 ml", "Size Label": "ea"}, {"Category": "Milk & Cream", "Aisle": "Dairy & Eggs", "Sku": "20301315004_EA", "Regular Price": "4.99", "Sale Price": "4.49", "Image": "https://assets.shop.loblaws.ca/products/20301315004/b1/en/front/20301315004_front_a01_@2.png", "Brand": "Natrel", "Url": "https://www.maxi.ca/fine-filtered-2-milk-2l/p/20301315004_EA", "Sub Category": null, "English Name": "Fine-Filtered 2% Milk (2L)", "Size": "2 l", "Size Label": "ea"}, {"Category": "Milk & Cream", "Aisle": "Dairy & Eggs", "Sku": "20077154_EA", "Regular Price": "None", "Sale Price": "3.59", "Image": "https://assets.shop.loblaws.ca/products/20077154/b1/en/front/20077154_front_a01_@2.png", "Brand": "Purefilter", "Url": "https://www.maxi.ca/skim-milk/p/20077154_EA", "Sub Category": null, "English Name": "Skim Milk", "Size": "1 l", "Size Label": "ea"}, {"Category": "Milk & Cream", "Aisle": "Dairy & Eggs", "Sku": "20120856_EA", "Regular Price": "None", "Sale Price": "8.69", "Image": "https://assets.shop.loblaws.ca/products/20120856/b1/en/front/20120856_front_a01_@2.png", "Brand": "Natrel", "Url": "https://www.maxi.ca/fine-filtered-0-02-milk-bags/p/20120856_EA", "Sub Category": null, "English Name": "Fine-Filtered 0.02 Milk (Bags)", "Size": "4 l", "Size Label": "ea"}, {"Category": "Milk & Cream", "Aisle": "Dairy & Eggs", "Sku": "20051481_EA", "Regular Price": "None", "Sale Price": "2.33", "Image": "https://assets.shop.loblaws.ca/products/20051481/b1/en/front/20051481_front_a01_@2.png", "Brand": "Nutrilait", "Url": "https://www.maxi.ca/homogenized-milk/p/20051481_EA", "Sub Category": null, "English Name": "Homogenized Milk", "Size": "1 l", "Size Label": "ea"}, {"Category": "Milk & Cream", "Aisle": "Dairy & Eggs", "Sku": "21189689_EA", "Regular Price": "4.89", "Sale Price": "4.29", "Image": "https://assets.shop.loblaws.ca/products/21189689/b1/en/front/21189689_front_a01_@2.png", "Brand": "No Name", "Url": "https://www.maxi.ca/cream-35/p/21189689_EA", "Sub Category": null, "English Name": "Cream 35%", "Size": "473 ml", "Size Label": "ea"}, {"Category": "Milk & Cream", "Aisle": "Dairy & Eggs", "Sku": "20106066_EA", "Regular Price": "None", "Sale Price": "3.69", "Image": "https://assets.shop.loblaws.ca/products/20106066/b1/en/front/20106066_front_a01_@2.png", "Brand": "Purefilter", "Url": "https://www.maxi.ca/lactantia-1-milk/p/20106066_EA", "Sub Category": null, "English Name": "Lactantia 1% Milk", "Size": "1 l", "Size Label": "ea"}, {"Category": "Milk & Cream", "Aisle": "Dairy & Eggs", "Sku": "20160467_EA", "Regular Price": "None", "Sale Price": "2.23", "Image": "https://assets.shop.loblaws.ca/products/20160467/b1/en/front/20160467_front_a01_@2.png", "Brand": "QUEBON", "Url": "https://www.maxi.ca/2-milk-1l/p/20160467_EA", "Sub Category": null, "English Name": "2% Milk (1L)", "Size": "1 l", "Size Label": "ea"}, {"Category": "Milk & Cream", "Aisle": "Dairy & Eggs", "Sku": "20895935002_EA", "Regular Price": "None", "Sale Price": "2.69", "Image": "https://assets.shop.loblaws.ca/products/20895935002/b1/en/front/20895935002_front_a01_@2.png", "Brand": "Milk 2 Go", "Url": "https://www.maxi.ca/chocolate/p/20895935002_EA", "Sub Category": null, "English Name": "Chocolate", "Size": "473 ml", "Size Label": "ea"}, {"Category": "Milk & Cream", "Aisle": "Dairy & Eggs", "Sku": "20723286001_EA", "Regular Price": "None", "Sale Price": "2.29", "Image": "https://assets.shop.loblaws.ca/products/20723286001/b1/en/front/20723286001_front_a01_@2.png", "Brand": "Milk 2 Go", "Url": "https://www.maxi.ca/sport-chocolate/p/20723286001_EA", "Sub Category": null, "English Name": "Sport, Chocolate", "Size": "325 ml", "Size Label": "ea"}, {"Category": "Milk & Cream", "Aisle": "Dairy & Eggs", "Sku": "20895957002_EA", "Regular Price": "None", "Sale Price": "3.19", "Image": "https://assets.shop.loblaws.ca/products/20895957002/b1/en/front/20895957002_front_a01_@2.png", "Brand": "Baileys", "Url": "https://www.maxi.ca/french-vanilla/p/20895957002_EA", "Sub Category": null, "English Name": "French Vanilla", "Size": "400 ml", "Size Label": "ea"}, {"Category": "Milk & Cream", "Aisle": "Dairy & Eggs", "Sku": "21241464_EA", "Regular Price": "6.69", "Sale Price": "5.99", "Image": "https://assets.shop.loblaws.ca/products/21241464/b1/en/front/21241464_front_a01_@2.png", "Brand": "Natrel", "Url": "https://www.maxi.ca/partly-skimmed-chocolate-milk-2-m-f/p/21241464_EA", "Sub Category": null, "English Name": "Partly Skimmed Chocolate Milk, 2% M.F.", "Size": "2 l", "Size Label": "ea"}, {"Category": "Milk & Cream", "Aisle": "Dairy & Eggs", "Sku": "20018090002_EA", "Regular Price": "None", "Sale Price": "2.79", "Image": "https://assets.shop.loblaws.ca/products/20018090002/b1/en/front/20018090002_front_a01_@2.png", "Brand": "QUEBON", "Url": "https://www.maxi.ca/chocolate-milk/p/20018090002_EA", "Sub Category": null, "English Name": "Chocolate Milk", "Size": "1 l", "Size Label": "ea"}, {"Category": "Milk & Cream", "Aisle": "Dairy & Eggs", "Sku": "21107150_EA", "Regular Price": "None", "Sale Price": "5.99", "Image": "https://assets.shop.loblaws.ca/products/21107150/b1/en/front/21107150_front_a01_@2.png", "Brand": "Lactantia", "Url": "https://www.maxi.ca/dairy-product-lactose-free-1-m-f/p/21107150_EA", "Sub Category": null, "English Name": "Dairy Product Lactose Free 1% M.F.", "Size": "1.5 l", "Size Label": "ea"}, {"Category": "Milk & Cream", "Aisle": "Dairy & Eggs", "Sku": "20077225_EA", "Regular Price": "None", "Sale Price": "8.69", "Image": "https://assets.shop.loblaws.ca/products/20077225/b1/en/front/20077225_front_a01_@2.png", "Brand": "Natrel", "Url": "https://www.maxi.ca/fine-filtered-0-milk-bags/p/20077225_EA", "Sub Category": null, "English Name": "Fine-Filtered 0 Milk (Bags)", "Size": "4 l", "Size Label": "ea"}, {"Category": "Milk & Cream", "Aisle": "Dairy & Eggs", "Sku": "21154199_EA", "Regular Price": "None", "Sale Price": "5.99", "Image": "https://assets.shop.loblaws.ca/products/21154199/b1/en/front/21154199_front_a01_@2.png", "Brand": "Lactantia", "Url": "https://www.maxi.ca/organic-2-m-f/p/21154199_EA", "Sub Category": null, "English Name": "Organic 2% M.F.", "Size": "1.5 l", "Size Label": "ea"}, {"Category": "Milk & Cream", "Aisle": "Dairy & Eggs", "Sku": "20695226002_EA", "Regular Price": "None", "Sale Price": "4.49", "Image": "https://assets.shop.loblaws.ca/products/20695226002/b1/en/front/20695226002_front_a01_@2.png", "Brand": "QUEBON", "Url": "https://www.maxi.ca/15-country-style-cream-473-ml/p/20695226002_EA", "Sub Category": null, "English Name": "15% Country Style Cream (473 Ml)", "Size": "473 ml", "Size Label": "ea"}, {"Category": "Milk & Cream", "Aisle": "Dairy & Eggs", "Sku": "20810617_EA", "Regular Price": "None", "Sale Price": "3.79", "Image": "https://assets.shop.loblaws.ca/products/20810617/b1/en/front/20810617_front_a01_@2.png", "Brand": "Lactantia", "Url": "https://www.maxi.ca/cooking-cream/p/20810617_EA", "Sub Category": null, "English Name": "Cooking Cream", "Size": "237 ml", "Size Label": "ea"}, {"Category": "Milk & Cream", "Aisle": "Dairy & Eggs", "Sku": "20971249_EA", "Regular Price": "None", "Sale Price": "6.29", "Image": "https://assets.shop.loblaws.ca/products/20971249/b1/en/front/20971249_front_a01_@2.png", "Brand": "Nutrinor", "Url": "https://www.maxi.ca/organic-nordic-milk-3-8/p/20971249_EA", "Sub Category": null, "English Name": "Organic Nordic Milk, 3.8%", "Size": "2 l", "Size Label": "ea"}, {"Category": "Milk & Cream", "Aisle": "Dairy & Eggs", "Sku": "20695728_EA", "Regular Price": "None", "Sale Price": "2.49", "Image": "https://assets.shop.loblaws.ca/products/20695728/b1/en/front/20695728_front_a01_@2.png", "Brand": "QUEBON", "Url": "https://www.maxi.ca/1-chocolate-milk-473-ml/p/20695728_EA", "Sub Category": null, "English Name": "1% Chocolate Milk (473 Ml)", "Size": "473 ml", "Size Label": "ea"}, {"Category": "Milk & Cream", "Aisle": "Dairy & Eggs", "Sku": "20595972_EA", "Regular Price": "None", "Sale Price": "5.99", "Image": "https://assets.shop.loblaws.ca/products/20595972/b1/en/front/20595972_front_a01_@2.png", "Brand": "Natrel", "Url": "https://www.maxi.ca/10-lactose-free-coffee-cream-1l/p/20595972_EA", "Sub Category": null, "English Name": "10% Lactose Free Coffee Cream (1L)", "Size": "1 l", "Size Label": "ea"}, {"Category": "Milk & Cream", "Aisle": "Dairy & Eggs", "Sku": "21513660_EA", "Regular Price": "None", "Sale Price": "3.99", "Image": "https://assets.shop.loblaws.ca/products/21513660/b1/en/front/21513660_front_a01_@2.png", "Brand": "Earths Own", "Url": "https://www.maxi.ca/oat-coffee-creamer-french-vanilla/p/21513660_EA", "Sub Category": null, "English Name": "Oat Coffee Creamer, French Vanilla", "Size": "473 ml", "Size Label": "ea"}, {"Category": "Milk & Cream", "Aisle": "Dairy & Eggs", "Sku": "20323668003_EA", "Regular Price": "None", "Sale Price": "2.59", "Image": "https://assets.shop.loblaws.ca/products/20323668003/b1/en/front/20323668003_front_a01_@2.png", "Brand": "Nestl\u00e9", "Url": "https://www.maxi.ca/nesquik-milkshake-vanilla/p/20323668003_EA", "Sub Category": null, "English Name": "Nesquik Milkshake, Vanilla", "Size": "473 ml", "Size Label": "ea"}, {"Category": "Milk & Cream", "Aisle": "Dairy & Eggs", "Sku": "20040246_EA", "Regular Price": "None", "Sale Price": "8.69", "Image": "https://assets.shop.loblaws.ca/products/20040246/b1/en/front/20040246_front_a01_@2.png", "Brand": "Purefilter", "Url": "https://www.maxi.ca/lactantia-2-milk-bags/p/20040246_EA", "Sub Category": null, "English Name": "Lactantia 2% Milk (Bags)", "Size": "4 l", "Size Label": "ea"}, {"Category": "Milk & Cream", "Aisle": "Dairy & Eggs", "Sku": "21239130_EA", "Regular Price": "None", "Sale Price": "5.59", "Image": "https://assets.shop.loblaws.ca/products/21239130/b1/en/front/21239130_front_a01_@2.png", "Brand": "Lactantia", "Url": "https://www.maxi.ca/chocolate-milk/p/21239130_EA", "Sub Category": null, "English Name": "Chocolate Milk", "Size": "1.5 l", "Size Label": "ea"}, {"Category": "Milk & Cream", "Aisle": "Dairy & Eggs", "Sku": "20186714_EA", "Regular Price": "None", "Sale Price": "9.49", "Image": "https://assets.shop.loblaws.ca/products/20186714/b1/en/front/20186714_front_a01_@2.png", "Brand": "Purefilter", "Url": "https://www.maxi.ca/lactantia-filtered-homogenized-milk-3-25-4l/p/20186714_EA", "Sub Category": null, "English Name": "Lactantia Filtered Homogenized Milk 3.25% (4L)", "Size": "4 l", "Size Label": "ea"}, {"Category": "Milk & Cream", "Aisle": "Dairy & Eggs", "Sku": "20020563_EA", "Regular Price": "None", "Sale Price": "4.69", "Image": "https://assets.shop.loblaws.ca/products/20020563/b1/en/front/20020563_front_a01_@2.png", "Brand": "Lactantia", "Url": "https://www.maxi.ca/lactantia-2-milk/p/20020563_EA", "Sub Category": null, "English Name": "Lactantia 2% Milk", "Size": "2 l", "Size Label": "ea"}, {"Category": "Milk & Cream", "Aisle": "Dairy & Eggs", "Sku": "20894852_EA", "Regular Price": "None", "Sale Price": "7.49", "Image": "https://assets.shop.loblaws.ca/products/20894852/b1/en/front/20894852_front_a01_@2.png", "Brand": "Nutrilait", "Url": "https://www.maxi.ca/1-milk/p/20894852_EA", "Sub Category": null, "English Name": "1% Milk", "Size": "4 l", "Size Label": "ea"}, {"Category": "Milk & Cream", "Aisle": "Dairy & Eggs", "Sku": "20066903_EA", "Regular Price": "None", "Sale Price": "4.21", "Image": "https://assets.shop.loblaws.ca/products/20066903/b1/en/front/20066903_front_a01_@2.png", "Brand": "Nutrilait", "Url": "https://www.maxi.ca/1-milk/p/20066903_EA", "Sub Category": null, "English Name": "1% Milk", "Size": "2 l", "Size Label": "ea"}, {"Category": "Milk & Cream", "Aisle": "Dairy & Eggs", "Sku": "21358458_EA", "Regular Price": "7.49", "Sale Price": "5.99", "Image": "https://assets.shop.loblaws.ca/products/21358458/b1/en/front/21358458_front_a01_@2.png", "Brand": "Starbucks", "Url": "https://www.maxi.ca/cinnamon-dolce-latte/p/21358458_EA", "Sub Category": null, "English Name": "Cinnamon Dolce Latte", "Size": "828 ml", "Size Label": "ea"}, {"Category": "Milk & Cream", "Aisle": "Dairy & Eggs", "Sku": "20170645_EA", "Regular Price": "None", "Sale Price": "4.29", "Image": "https://assets.shop.loblaws.ca/products/20170645/b1/en/front/20170645_front_a01_@2.png", "Brand": "No Name", "Url": "https://www.maxi.ca/10-m-f-coffee-cream/p/20170645_EA", "Sub Category": null, "English Name": "10% M.F. Coffee Cream", "Size": "1 l", "Size Label": "ea"}, {"Category": "Milk & Cream", "Aisle": "Dairy & Eggs", "Sku": "20012281_EA", "Regular Price": "None", "Sale Price": "7.49", "Image": "https://assets.shop.loblaws.ca/products/20012281/b1/en/front/20012281_front_a01_@2.png", "Brand": "QUEBON", "Url": "https://www.maxi.ca/1-milk/p/20012281_EA", "Sub Category": null, "English Name": "1% Milk", "Size": "4 l", "Size Label": "ea"}, {"Category": "Milk & Cream", "Aisle": "Dairy & Eggs", "Sku": "20137611_EA", "Regular Price": "None", "Sale Price": "4.41", "Image": "https://assets.shop.loblaws.ca/products/20137611/b1/en/front/20137611_front_a01_@2.png", "Brand": "QUEBON", "Url": "https://www.maxi.ca/2-milk-2l/p/20137611_EA", "Sub Category": null, "English Name": "2% Milk (2L)", "Size": "2 l", "Size Label": "ea"}, {"Category": "Milk & Cream", "Aisle": "Dairy & Eggs", "Sku": "20138502_EA", "Regular Price": "None", "Sale Price": "2.13", "Image": "https://assets.shop.loblaws.ca/products/20138502/b1/en/front/20138502_front_a01_@2.png", "Brand": "Nutrilait", "Url": "https://www.maxi.ca/1-partly-skimmed-milk/p/20138502_EA", "Sub Category": null, "English Name": "1% Partly Skimmed Milk", "Size": "1 l", "Size Label": "ea"}, {"Category": "Milk & Cream", "Aisle": "Dairy & Eggs", "Sku": "20000433_EA", "Regular Price": "None", "Sale Price": "4.41", "Image": "https://assets.shop.loblaws.ca/products/20000433/b1/en/front/20000433_front_a01_@2.png", "Brand": "Nutrilait", "Url": "https://www.maxi.ca/milk-2/p/20000433_EA", "Sub Category": null, "English Name": "Milk, 2%", "Size": "2 l", "Size Label": "ea"}, {"Category": "Milk & Cream", "Aisle": "Dairy & Eggs", "Sku": "20694958002_EA", "Regular Price": "2.49", "Sale Price": "0.95", "Image": "https://assets.shop.loblaws.ca/products/20694958002/b1/en/front/20694958002_front_a01_@2.png", "Brand": "QUEBON", "Url": "https://www.maxi.ca/1-strawberry-milk-473-ml/p/20694958002_EA", "Sub Category": null, "English Name": "1% Strawberry Milk (473 Ml)", "Size": "473 ml", "Size Label": "ea"}, {"Category": "Milk & Cream", "Aisle": "Dairy & Eggs", "Sku": "21239137_EA", "Regular Price": "None", "Sale Price": "5.59", "Image": "https://assets.shop.loblaws.ca/products/21239137/b1/en/front/21239137_front_a01_@2.png", "Brand": "Lactantia", "Url": "https://www.maxi.ca/dairy-product-2-m-f/p/21239137_EA", "Sub Category": null, "English Name": "Dairy Product 2% M.F.", "Size": "1.5 l", "Size Label": "ea"}, {"Category": "Milk & Cream", "Aisle": "Dairy & Eggs", "Sku": "21439782_EA", "Regular Price": "None", "Sale Price": "5.49", "Image": "https://assets.shop.loblaws.ca/products/21439782/b1/en/front/21439782_front_a01_@2.png", "Brand": "International Delight", "Url": "https://www.maxi.ca/caramel-macchiato-coffee-creamer/p/21439782_EA", "Sub Category": null, "English Name": "Caramel Macchiato Coffee Creamer,", "Size": "946 ml", "Size Label": "ea"}, {"Category": "Milk & Cream", "Aisle": "Dairy & Eggs", "Sku": "21358520_EA", "Regular Price": "None", "Sale Price": "6.49", "Image": "https://assets.shop.loblaws.ca/products/21358520/b1/en/front/21358520_front_a01_@2.png", "Brand": "Nestl\u00e9", "Url": "https://www.maxi.ca/coffee-mate-coffee-crisp-liquid-coffee-enhancer/p/21358520_EA", "Sub Category": null, "English Name": "Coffee Mate Coffee Crisp Liquid Coffee Enhancer", "Size": "946 ml", "Size Label": "ea"}, {"Category": "Milk & Cream", "Aisle": "Dairy & Eggs", "Sku": "21345072_EA", "Regular Price": "None", "Sale Price": "7.79", "Image": "https://assets.shop.loblaws.ca/products/21345072/b1/en/front/21345072_front_a01_@2.png", "Brand": "International Delight", "Url": "https://www.maxi.ca/classic-hazelnut-coffee-creamer/p/21345072_EA", "Sub Category": null, "English Name": "Classic Hazelnut Coffee Creamer", "Size": "1.42 l", "Size Label": "ea"}, {"Category": "Milk & Cream", "Aisle": "Dairy & Eggs", "Sku": "20810004_EA", "Regular Price": "None", "Sale Price": "5.79", "Image": "https://assets.shop.loblaws.ca/products/20810004/b1/en/front/20810004_front_a01_@2.png", "Brand": "Lactantia", "Url": "https://www.maxi.ca/whipping-cream-35/p/20810004_EA", "Sub Category": null, "English Name": "Whipping Cream, 35%", "Size": "473 ml", "Size Label": "ea"}, {"Category": "Milk & Cream", "Aisle": "Dairy & Eggs", "Sku": "20999489_EA", "Regular Price": "None", "Sale Price": "4.19", "Image": "https://assets.shop.loblaws.ca/products/20999489/b1/en/front/20999489_front_a01_@2.png", "Brand": "QUEBON", "Url": "https://www.maxi.ca/1-buttermilk/p/20999489_EA", "Sub Category": null, "English Name": "1% Buttermilk", "Size": "1 l", "Size Label": "ea"}, {"Category": "Milk & Cream", "Aisle": "Dairy & Eggs", "Sku": "20326180001_EA", "Regular Price": "None", "Sale Price": "4.39", "Image": "https://assets.shop.loblaws.ca/products/20326180001/b1/en/front/20326180001_front_a01_@2.png", "Brand": "Natrel", "Url": "https://www.maxi.ca/lactose-free-2-dairy-product-1l/p/20326180001_EA", "Sub Category": null, "English Name": "Lactose Free 2% Dairy Product (1L)", "Size": "1 l", "Size Label": "ea"}, {"Category": "Milk & Cream", "Aisle": "Dairy & Eggs", "Sku": "21405126_EA", "Regular Price": "None", "Sale Price": "6.49", "Image": "https://assets.shop.loblaws.ca/products/21405126/b1/en/front/21405126_front_a01_@2.png", "Brand": "Nestl\u00e9", "Url": "https://www.maxi.ca/coffee-mate-after-eight-liquid-coffee-enhancer/p/21405126_EA", "Sub Category": null, "English Name": "Coffee Mate After Eight Liquid Coffee Enhancer", "Size": "946 ml", "Size Label": "ea"}, {"Category": "Milk & Cream", "Aisle": "Dairy & Eggs", "Sku": "20895935004_EA", "Regular Price": "None", "Sale Price": "2.69", "Image": "https://assets.shop.loblaws.ca/products/20895935004/b1/en/front/20895935004_front_a01_@2.png", "Brand": "Milk 2 Go", "Url": "https://www.maxi.ca/strawberry/p/20895935004_EA", "Sub Category": null, "English Name": "Strawberry", "Size": "473 ml", "Size Label": "ea"}, {"Category": "Milk & Cream", "Aisle": "Dairy & Eggs", "Sku": "21525343_EA", "Regular Price": "None", "Sale Price": "4.79", "Image": "https://assets.shop.loblaws.ca/products/21525343/b1/en/front/21525343_front_a01_@2.png", "Brand": "Natrel", "Url": "https://www.maxi.ca/natrel-plus-2-lactose-free-vanilla-enriched-milk/p/21525343_EA", "Sub Category": null, "English Name": "Natrel Plus 2% Lactose Free Vanilla Enriched Milk ", "Size": "2 l", "Size Label": "ea"}, {"Category": "Milk & Cream", "Aisle": "Dairy & Eggs", "Sku": "21062620_EA", "Regular Price": "None", "Sale Price": "1.99", "Image": "https://assets.shop.loblaws.ca/products/21062620/b1/en/front/21062620_front_a01_@2.png", "Brand": "Milk 2 Go", "Url": "https://www.maxi.ca/milk-chocolate-partly-skimmed-1-m-f/p/21062620_EA", "Sub Category": null, "English Name": "Milk, Chocolate Partly Skimmed 1 % M.F.", "Size": "310 ml", "Size Label": "ea"}, {"Category": "Milk & Cream", "Aisle": "Dairy & Eggs", "Sku": "21091311_EA", "Regular Price": "None", "Sale Price": "6.49", "Image": "https://assets.shop.loblaws.ca/products/21091311/b1/en/front/21091311_front_a01_@2.png", "Brand": "Nestl\u00e9", "Url": "https://www.maxi.ca/coffee-mate-double-double-mate-liquid-coffee-enhan/p/21091311_EA", "Sub Category": null, "English Name": "Coffee Mate Double Double-Mate Liquid Coffee Enhancer", "Size": "946 ml", "Size Label": "ea"}, {"Category": "Milk & Cream", "Aisle": "Dairy & Eggs", "Sku": "21021410_EA", "Regular Price": "None", "Sale Price": "4.29", "Image": "https://assets.shop.loblaws.ca/products/21021410/b1/en/front/21021410_front_a01_@2.png", "Brand": "Nutrilait", "Url": "https://www.maxi.ca/coffee-cream-10-mf/p/21021410_EA", "Sub Category": null, "English Name": "Coffee Cream, 10% MF", "Size": "473 ml", "Size Label": "ea"}, {"Category": "Milk & Cream", "Aisle": "Dairy & Eggs", "Sku": "20971271_EA", "Regular Price": "None", "Sale Price": "6.29", "Image": "https://assets.shop.loblaws.ca/products/20971271/b1/en/front/20971271_front_a01_@2.png", "Brand": "Nutrinor", "Url": "https://www.maxi.ca/organic-nordic-milk-2/p/20971271_EA", "Sub Category": null, "English Name": "Organic Nordic Milk, 2%", "Size": "2 l", "Size Label": "ea"}, {"Category": "Milk & Cream", "Aisle": "Dairy & Eggs", "Sku": "20695221002_EA", "Regular Price": "None", "Sale Price": "3.79", "Image": "https://assets.shop.loblaws.ca/products/20695221002/b1/en/front/20695221002_front_a01_@2.png", "Brand": "QUEBON", "Url": "https://www.maxi.ca/milk-5-dairy-blend-for-cooking-cream-473-ml/p/20695221002_EA", "Sub Category": null, "English Name": "Milk, 5% Dairy Blend For Cooking Cream (473 Ml)", "Size": "473 ml", "Size Label": "ea"}, {"Category": "Milk & Cream", "Aisle": "Dairy & Eggs", "Sku": "21305808_EA", "Regular Price": "None", "Sale Price": "3.99", "Image": "https://assets.shop.loblaws.ca/products/21305808/b1/en/front/21305808_front_a01_@2.png", "Brand": "Earths Own", "Url": "https://www.maxi.ca/oat-coffee-creamer-original-plant-based-dairy-free/p/21305808_EA", "Sub Category": null, "English Name": "Oat Coffee Creamer, Original, Plant-Based, Dairy-Free", "Size": "473 ml", "Size Label": "ea"}, {"Category": "Milk & Cream", "Aisle": "Dairy & Eggs", "Sku": "21086093_EA", "Regular Price": "None", "Sale Price": "5.49", "Image": "https://assets.shop.loblaws.ca/products/21086093/b1/en/front/21086093_front_a01_@2.png", "Brand": "Nutrilait", "Url": "https://www.maxi.ca/whipping-cream-35-m-f/p/21086093_EA", "Sub Category": null, "English Name": "Whipping Cream 35% M.F.", "Size": "473 ml", "Size Label": "ea"}, {"Category": "Milk & Cream", "Aisle": "Dairy & Eggs", "Sku": "20971307_EA", "Regular Price": "None", "Sale Price": "3.29", "Image": "https://assets.shop.loblaws.ca/products/20971307/b1/en/front/20971307_front_a01_@2.png", "Brand": "Nutrinor", "Url": "https://www.maxi.ca/nordique-organic-cream-10-mf/p/20971307_EA", "Sub Category": null, "English Name": "Nordique Organic Cream, 10 % MF", "Size": "473 ml", "Size Label": "ea"}, {"Category": "Milk & Cream", "Aisle": "Dairy & Eggs", "Sku": "21048991_EA", "Regular Price": "None", "Sale Price": "2.99", "Image": "https://assets.shop.loblaws.ca/products/21048991/b1/en/front/21048991_front_a01_@2.png", "Brand": "Nutrilait", "Url": "https://www.maxi.ca/partly-skimmed-milk-strawberry-1-m-f/p/21048991_EA", "Sub Category": null, "English Name": "Partly Skimmed Milk Strawberry 1 % M.F.", "Size": "1 l", "Size Label": "ea"}, {"Category": "Milk & Cream", "Aisle": "Dairy & Eggs", "Sku": "20789429_EA", "Regular Price": "None", "Sale Price": "8.29", "Image": "https://assets.shop.loblaws.ca/products/20789429/b1/en/front/20789429_front_a01_@2.png", "Brand": "Liberte", "Url": "https://www.maxi.ca/goat-milk-2-m-f/p/20789429_EA", "Sub Category": null, "English Name": "Goat Milk 2% M.F.", "Size": "2 l", "Size Label": "ea"}, {"Category": "Milk & Cream", "Aisle": "Dairy & Eggs", "Sku": "20017638001_EA", "Regular Price": "None", "Sale Price": "8.69", "Image": "https://assets.shop.loblaws.ca/products/20017638001/b1/en/front/20017638001_front_a01_@2.png", "Brand": "Natrel", "Url": "https://www.maxi.ca/fine-filtered-0-01-milk-bags/p/20017638001_EA", "Sub Category": null, "English Name": "Fine-Filtered 0.01 Milk  (Bags)", "Size": "4 l", "Size Label": "ea"}, {"Category": "Milk & Cream", "Aisle": "Dairy & Eggs", "Sku": "20326180003_EA", "Regular Price": "None", "Sale Price": "4.39", "Image": "https://assets.shop.loblaws.ca/products/20326180003/b1/en/front/20326180003_front_a01_@2.png", "Brand": "Natrel", "Url": "https://www.maxi.ca/lactose-free-fat-free-skim-0-dairy-product-1l/p/20326180003_EA", "Sub Category": null, "English Name": "Lactose Free Fat Free Skim 0% Dairy Product (1L)", "Size": "1 l", "Size Label": "ea"}, {"Category": "Milk & Cream", "Aisle": "Dairy & Eggs", "Sku": "20809695_EA", "Regular Price": "None", "Sale Price": "4.29", "Image": "https://assets.shop.loblaws.ca/products/20809695/b1/en/front/20809695_front_a01_@2.png", "Brand": "Lactantia", "Url": "https://www.maxi.ca/15-table-cream/p/20809695_EA", "Sub Category": null, "English Name": "15% Table Cream", "Size": "473 ml", "Size Label": "ea"}, {"Category": "Milk & Cream", "Aisle": "Dairy & Eggs", "Sku": "20305243_EA", "Regular Price": "None", "Sale Price": "5.49", "Image": "https://assets.shop.loblaws.ca/products/20305243/b1/en/front/20305243_front_a01_@2.png", "Brand": "QUEBON", "Url": "https://www.maxi.ca/10-coffee-cream-1l/p/20305243_EA", "Sub Category": null, "English Name": "10% Coffee Cream (1L)", "Size": "1 l", "Size Label": "ea"}, {"Category": "Milk & Cream", "Aisle": "Dairy & Eggs", "Sku": "20692988_EA", "Regular Price": "None", "Sale Price": "2.09", "Image": "https://assets.shop.loblaws.ca/products/20692988/b1/en/front/20692988_front_a01_@2.png", "Brand": "QUEBON", "Url": "https://www.maxi.ca/2-milk-473-ml/p/20692988_EA", "Sub Category": null, "English Name": "2% Milk (473 Ml)", "Size": "473 ml", "Size Label": "ea"}, {"Category": "Milk & Cream", "Aisle": "Dairy & Eggs", "Sku": "21339272_EA", "Regular Price": "None", "Sale Price": "4.41", "Image": "https://assets.shop.loblaws.ca/products/21339272/b1/en/front/21339272_front_a01_@2.png", "Brand": "The A2 Milk Company", "Url": "https://www.maxi.ca/2-m-f-partly-skimmed-milk/p/21339272_EA", "Sub Category": null, "English Name": "2% M.F. Partly Skimmed Milk", "Size": "2 l", "Size Label": "ea"}, {"Category": "Milk & Cream", "Aisle": "Dairy & Eggs", "Sku": "20144958_EA", "Regular Price": "None", "Sale Price": "2.33", "Image": "https://assets.shop.loblaws.ca/products/20144958/b1/en/front/20144958_front_a01_@2.png", "Brand": "QUEBON", "Url": "https://www.maxi.ca/3-25-mf-homogenized-milk/p/20144958_EA", "Sub Category": null, "English Name": "3.25% MF Homogenized Milk", "Size": "1 l", "Size Label": "ea"}, {"Category": "Milk & Cream", "Aisle": "Dairy & Eggs", "Sku": "21337027_EA", "Regular Price": "None", "Sale Price": "7.79", "Image": "https://assets.shop.loblaws.ca/products/21337027/b1/en/front/21337027_front_a01_@2.png", "Brand": "International Delight", "Url": "https://www.maxi.ca/classic-french-vanilla-coffee-creamer/p/21337027_EA", "Sub Category": null, "English Name": "Classic French Vanilla Coffee Creamer", "Size": "1.42 l", "Size Label": "ea"}, {"Category": "Milk & Cream", "Aisle": "Dairy & Eggs", "Sku": "21358486_EA", "Regular Price": "7.49", "Sale Price": "5.99", "Image": "https://assets.shop.loblaws.ca/products/21358486/b1/en/front/21358486_front_a01_@2.png", "Brand": "Starbucks", "Url": "https://www.maxi.ca/white-chocolate-mocha-liquid-coffee-enhancer/p/21358486_EA", "Sub Category": null, "English Name": "White Chocolate Mocha Liquid Coffee Enhancer", "Size": "828 ml", "Size Label": "ea"}, {"Category": "Milk & Cream", "Aisle": "Dairy & Eggs", "Sku": "21107156_EA", "Regular Price": "None", "Sale Price": "5.89", "Image": "https://assets.shop.loblaws.ca/products/21107156/b1/en/front/21107156_front_a01_@2.png", "Brand": "Lactantia", "Url": "https://www.maxi.ca/dairy-product-lactose-free-3-25-m-f/p/21107156_EA", "Sub Category": null, "English Name": "Dairy Product Lactose Free 3.25% M.F.", "Size": "1.5 l", "Size Label": "ea"}, {"Category": "Milk & Cream", "Aisle": "Dairy & Eggs", "Sku": "21496759_EA", "Regular Price": "None", "Sale Price": "5.59", "Image": "https://assets.shop.loblaws.ca/products/21496759/b1/en/front/21496759_front_a01_@2.png", "Brand": "Lactantia", "Url": "https://www.maxi.ca/ultrap-r-dairy-product-0-m-f/p/21496759_EA", "Sub Category": null, "English Name": "Ultrap\u016br Dairy Product 0% M.F.", "Size": "1.5 l", "Size Label": "ea"}, {"Category": "Milk & Cream", "Aisle": "Dairy & Eggs", "Sku": "20098705_EA", "Regular Price": "None", "Sale Price": "11.89", "Image": "https://assets.shop.loblaws.ca/products/20098705/b1/en/front/20098705_front_a01_@2.png", "Brand": "Lactantia", "Url": "https://www.maxi.ca/lactose-free-2-milk/p/20098705_EA", "Sub Category": null, "English Name": "Lactose Free 2% Milk", "Size": "4 l", "Size Label": "ea"}, {"Category": "Milk & Cream", "Aisle": "Dairy & Eggs", "Sku": "20695765_EA", "Regular Price": "2.49", "Sale Price": "0.95", "Image": "https://assets.shop.loblaws.ca/products/20695765/b1/en/front/20695765_front_a01_@2.png", "Brand": "QUEBON", "Url": "https://www.maxi.ca/1-chocolate-milk-473-ml/p/20695765_EA", "Sub Category": null, "English Name": "1% Chocolate Milk (473 Ml)", "Size": "473 ml", "Size Label": "ea"}, {"Category": "Milk & Cream", "Aisle": "Dairy & Eggs", "Sku": "20143798001_EA", "Regular Price": "None", "Sale Price": "3.69", "Image": "https://assets.shop.loblaws.ca/products/20143798001/b1/en/front/20143798001_front_a01_@2.png", "Brand": "Natrel", "Url": "https://www.maxi.ca/fine-filtered-1-milk-1l/p/20143798001_EA", "Sub Category": null, "English Name": "Fine-Filtered 1% Milk (1L)", "Size": "1 l", "Size Label": "ea"}, {"Category": "Milk & Cream", "Aisle": "Dairy & Eggs", "Sku": "20169193_EA", "Regular Price": "None", "Sale Price": "4.69", "Image": "https://assets.shop.loblaws.ca/products/20169193/b1/en/front/20169193_front_a01_@2.png", "Brand": "Lactantia", "Url": "https://www.maxi.ca/lactantia-1-milk/p/20169193_EA", "Sub Category": null, "English Name": "Lactantia 1% Milk", "Size": "2 l", "Size Label": "ea"}, {"Category": "Milk & Cream", "Aisle": "Dairy & Eggs", "Sku": "20166469_EA", "Regular Price": "None", "Sale Price": "4.60", "Image": "https://assets.shop.loblaws.ca/products/20166469/b1/en/front/20166469_front_a01_@2.png", "Brand": "QUEBON", "Url": "https://www.maxi.ca/homogenized-milk/p/20166469_EA", "Sub Category": null, "English Name": "Homogenized Milk", "Size": "2 l", "Size Label": "ea"}, {"Category": "Milk & Cream", "Aisle": "Dairy & Eggs", "Sku": "21496759_EA", "Regular Price": "None", "Sale Price": "5.59", "Image": "https://assets.shop.loblaws.ca/products/21496759/b1/en/front/21496759_front_a01_@2.png", "Brand": "Lactantia", "Url": "https://www.maxi.ca/ultrap-r-dairy-product-0-m-f/p/21496759_EA", "Sub Category": null, "English Name": "Ultrap\u016br Dairy Product 0% M.F.", "Size": "1.5 l", "Size Label": "ea"}, {"Category": "Milk & Cream", "Aisle": "Dairy & Eggs", "Sku": "20305243_EA", "Regular Price": "None", "Sale Price": "5.49", "Image": "https://assets.shop.loblaws.ca/products/20305243/b1/en/front/20305243_front_a01_@2.png", "Brand": "QUEBON", "Url": "https://www.maxi.ca/10-coffee-cream-1l/p/20305243_EA", "Sub Category": null, "English Name": "10% Coffee Cream (1L)", "Size": "1 l", "Size Label": "ea"}, {"Category": "Milk & Cream", "Aisle": "Dairy & Eggs", "Sku": "21337027_EA", "Regular Price": "None", "Sale Price": "7.79", "Image": "https://assets.shop.loblaws.ca/products/21337027/b1/en/front/21337027_front_a01_@2.png", "Brand": "International Delight", "Url": "https://www.maxi.ca/classic-french-vanilla-coffee-creamer/p/21337027_EA", "Sub Category": null, "English Name": "Classic French Vanilla Coffee Creamer", "Size": "1.42 l", "Size Label": "ea"}, {"Category": "Milk & Cream", "Aisle": "Dairy & Eggs", "Sku": "21358486_EA", "Regular Price": "7.49", "Sale Price": "5.99", "Image": "https://assets.shop.loblaws.ca/products/21358486/b1/en/front/21358486_front_a01_@2.png", "Brand": "Starbucks", "Url": "https://www.maxi.ca/white-chocolate-mocha-liquid-coffee-enhancer/p/21358486_EA", "Sub Category": null, "English Name": "White Chocolate Mocha Liquid Coffee Enhancer", "Size": "828 ml", "Size Label": "ea"}, {"Category": "Milk & Cream", "Aisle": "Dairy & Eggs", "Sku": "21107156_EA", "Regular Price": "None", "Sale Price": "5.89", "Image": "https://assets.shop.loblaws.ca/products/21107156/b1/en/front/21107156_front_a01_@2.png", "Brand": "Lactantia", "Url": "https://www.maxi.ca/dairy-product-lactose-free-3-25-m-f/p/21107156_EA", "Sub Category": null, "English Name": "Dairy Product Lactose Free 3.25% M.F.", "Size": "1.5 l", "Size Label": "ea"}, {"Category": "Milk & Cream", "Aisle": "Dairy & Eggs", "Sku": "21061412_EA", "Regular Price": "None", "Sale Price": "1.99", "Image": "https://assets.shop.loblaws.ca/products/21061412/b1/en/front/21061412_front_a01_@2.png", "Brand": "Milk 2 Go", "Url": "https://www.maxi.ca/milk-strawberry-partly-skimmed-1-m-f/p/21061412_EA", "Sub Category": null, "English Name": "Milk, Strawberry Partly Skimmed 1 % M.F.", "Size": "310 ml", "Size Label": "ea"}, {"Category": "Milk & Cream", "Aisle": "Dairy & Eggs", "Sku": "21040956_EA", "Regular Price": "None", "Sale Price": "1.99", "Image": "https://assets.shop.loblaws.ca/products/21040956/b1/en/front/21040956_front_a01_@2.png", "Brand": "Neilson", "Url": "https://www.maxi.ca/chocolate-milkshake/p/21040956_EA", "Sub Category": null, "English Name": "Chocolate Milkshake", "Size": "310 ml", "Size Label": "ea"}, {"Category": "Milk & Cream", "Aisle": "Dairy & Eggs", "Sku": "21040942_EA", "Regular Price": "None", "Sale Price": "1.99", "Image": "https://assets.shop.loblaws.ca/products/21040942/b1/en/front/21040942_front_a01_@2.png", "Brand": "Neilson", "Url": "https://www.maxi.ca/caramel-chocolate-milkshake/p/21040942_EA", "Sub Category": null, "English Name": "Caramel Chocolate Milkshake", "Size": "310 ml", "Size Label": "ea"}, {"Category": "Milk & Cream", "Aisle": "Dairy & Eggs", "Sku": "20098705_EA", "Regular Price": "None", "Sale Price": "11.89", "Image": "https://assets.shop.loblaws.ca/products/20098705/b1/en/front/20098705_front_a01_@2.png", "Brand": "Lactantia", "Url": "https://www.maxi.ca/lactose-free-2-milk/p/20098705_EA", "Sub Category": null, "English Name": "Lactose Free 2% Milk", "Size": "4 l", "Size Label": "ea"}, {"Category": "Cheese", "Aisle": "Dairy & Eggs", "Sku": "20308105001_EA", "Regular Price": "None", "Sale Price": "3.00", "Image": "https://assets.shop.loblaws.ca/products/20308105001/b1/en/front/20308105001_front_a01_@2.png", "Brand": "No Name", "Url": "https://www.maxi.ca/pasteurized-cream-cheese/p/20308105001_EA", "Sub Category": null, "English Name": "Pasteurized Cream Cheese", "Size": "250 g", "Size Label": "ea"}, {"Category": "Cheese", "Aisle": "Dairy & Eggs", "Sku": "20641267_EA", "Regular Price": "4.49", "Sale Price": "3.99", "Image": "https://assets.shop.loblaws.ca/products/20641267/b1/en/front/20641267_front_a01_@2.png", "Brand": "Philadelphia", "Url": "https://www.maxi.ca/original-brick-cream-cheese/p/20641267_EA", "Sub Category": null, "English Name": "Original Brick Cream Cheese", "Size": "250 g", "Size Label": "ea"}, {"Category": "Cheese", "Aisle": "Dairy & Eggs", "Sku": "20866924010_EA", "Regular Price": "4.49", "Sale Price": "3.99", "Image": "https://assets.shop.loblaws.ca/products/20866924010/b1/en/front/20866924010_front_a01_@2.png", "Brand": "Philadelphia", "Url": "https://www.maxi.ca/original-cream-cheese-product/p/20866924010_EA", "Sub Category": null, "English Name": "Original Cream Cheese Product", "Size": "227 g", "Size Label": "ea"}, {"Category": "Cheese", "Aisle": "Dairy & Eggs", "Sku": "21188654_EA", "Regular Price": "5.19", "Sale Price": "3.99", "Image": "https://assets.shop.loblaws.ca/products/21188654/b1/en/front/21188654_front_a01_@2.png", "Brand": "Kraft", "Url": "https://www.maxi.ca/singles-original-slices/p/21188654_EA", "Sub Category": null, "English Name": "Singles Original Slices", "Size": "410 g", "Size Label": "ea"}, {"Category": "Cheese", "Aisle": "Dairy & Eggs", "Sku": "20763661_EA", "Regular Price": "None", "Sale Price": "7.79", "Image": "https://assets.shop.loblaws.ca/products/20763661/b1/en/front/20763661_front_a01_@2.png", "Brand": "Black Diamond", "Url": "https://www.maxi.ca/cheestrings-marble-18-m-f/p/20763661_EA", "Sub Category": null, "English Name": "Cheestrings Marble 18% M.F.", "Size": "336 g", "Size Label": "ea"}, {"Category": "Cheese", "Aisle": "Dairy & Eggs", "Sku": "21289745_EA", "Regular Price": "None", "Sale Price": "5.99", "Image": "https://assets.shop.loblaws.ca/products/21289745/b1/en/front/21289745_front_a01_@2.png", "Brand": "No Name", "Url": "https://www.maxi.ca/farmer-s-marble-cheese/p/21289745_EA", "Sub Category": null, "English Name": "Farmer's Marble Cheese", "Size": "400 g", "Size Label": "ea"}, {"Category": "Cheese", "Aisle": "Dairy & Eggs", "Sku": "20742315_EA", "Regular Price": "None", "Sale Price": "4.99", "Image": "https://assets.shop.loblaws.ca/products/20742315/b1/en/front/20742315_front_a01_@2.png", "Brand": "No Name", "Url": "https://www.maxi.ca/marble-cheddar-cheese-slices/p/20742315_EA", "Sub Category": null, "English Name": "Marble Cheddar Cheese Slices", "Size": "230 g", "Size Label": "ea"}, {"Category": "Cheese", "Aisle": "Dairy & Eggs", "Sku": "21290705_EA", "Regular Price": "None", "Sale Price": "6.29", "Image": "https://assets.shop.loblaws.ca/products/21290705/b1/en/front/21290705_front_a01_@2.png", "Brand": "Cracker Barrel", "Url": "https://www.maxi.ca/slice-marble-cheddar/p/21290705_EA", "Sub Category": null, "English Name": "Slice Marble Cheddar", "Size": "240 g", "Size Label": "ea"}, {"Category": "Cheese", "Aisle": "Dairy & Eggs", "Sku": "21060183_EA", "Regular Price": "None", "Sale Price": "6.79", "Image": "https://assets.shop.loblaws.ca/products/21060183/b1/en/front/21060183_front_a01_@2.png", "Brand": "President's Choice", "Url": "https://www.maxi.ca/triple-cheddar-shredded-cheese-blend/p/21060183_EA", "Sub Category": null, "English Name": "Triple Cheddar Shredded Cheese Blend", "Size": "320 g", "Size Label": "ea"}, {"Category": "Cheese", "Aisle": "Dairy & Eggs", "Sku": "20866929002_EA", "Regular Price": "None", "Sale Price": "5.99", "Image": "https://assets.shop.loblaws.ca/products/20866929002/b1/en/front/20866929002_front_a01_@2.png", "Brand": "Philadelphia", "Url": "https://www.maxi.ca/original-cream-cheese-product/p/20866929002_EA", "Sub Category": null, "English Name": "Original Cream Cheese Product", "Size": "340 g", "Size Label": "ea"}, {"Category": "Cheese", "Aisle": "Dairy & Eggs", "Sku": "20183991002_EA", "Regular Price": "None", "Sale Price": "4.00", "Image": "https://assets.shop.loblaws.ca/products/20183991002/b1/en/front/20183991002_front_a01_@2.png", "Brand": "No Name", "Url": "https://www.maxi.ca/cottage-cheese-2-m-f/p/20183991002_EA", "Sub Category": null, "English Name": "Cottage Cheese, 2% M.F.", "Size": "500 g", "Size Label": "ea"}, {"Category": "Cheese", "Aisle": "Dairy & Eggs", "Sku": "21290616_EA", "Regular Price": "None", "Sale Price": "8.29", "Image": "https://assets.shop.loblaws.ca/products/21290616/b1/en/front/21290616_front_a01_@2.png", "Brand": "Cracker Barrel", "Url": "https://www.maxi.ca/shreds-tex-mex/p/21290616_EA", "Sub Category": null, "English Name": "Shreds Tex Mex", "Size": "320 g", "Size Label": "ea"}, {"Category": "Cheese", "Aisle": "Dairy & Eggs", "Sku": "21082491_EA", "Regular Price": "None", "Sale Price": "5.79", "Image": "https://assets.shop.loblaws.ca/products/21082491/b1/en/front/21082491_front_a01_@2.png", "Brand": "No Name", "Url": "https://www.maxi.ca/shredded-mozzarella/p/21082491_EA", "Sub Category": null, "English Name": "Shredded Mozzarella", "Size": "320 g", "Size Label": "ea"}, {"Category": "Cheese", "Aisle": "Dairy & Eggs", "Sku": "20866924007_EA", "Regular Price": "4.49", "Sale Price": "3.99", "Image": "https://assets.shop.loblaws.ca/products/20866924007/b1/en/front/20866924007_front_a01_@2.png", "Brand": "Philadelphia", "Url": "https://www.maxi.ca/herb-garlic-cream-cheese-product/p/20866924007_EA", "Sub Category": null, "English Name": "Herb & Garlic Cream Cheese Product", "Size": "227 g", "Size Label": "ea"}, {"Category": "Cheese", "Aisle": "Dairy & Eggs", "Sku": "21289761_EA", "Regular Price": "None", "Sale Price": "5.99", "Image": "https://assets.shop.loblaws.ca/products/21289761/b1/en/front/21289761_front_a01_@2.png", "Brand": "No Name", "Url": "https://www.maxi.ca/pizza-mozzarella-cheese-with-28-m-f/p/21289761_EA", "Sub Category": null, "English Name": "Pizza Mozzarella Cheese with 28% M.F.", "Size": "400 g", "Size Label": "ea"}, {"Category": "Cheese", "Aisle": "Dairy & Eggs", "Sku": "21290381_EA", "Regular Price": "None", "Sale Price": "7.99", "Image": "https://assets.shop.loblaws.ca/products/21290381/b1/en/front/21290381_front_a01_@2.png", "Brand": "Cracker Barrel", "Url": "https://www.maxi.ca/bar-extra-old-white-cheddar/p/21290381_EA", "Sub Category": null, "English Name": "Bar Extra Old White Cheddar", "Size": "400 g", "Size Label": "ea"}, {"Category": "Cheese", "Aisle": "Dairy & Eggs", "Sku": "21252564_EA", "Regular Price": "None", "Sale Price": "4.69", "Image": "https://assets.shop.loblaws.ca/products/21252564/b1/en/front/21252564_front_a01_@2.png", "Brand": "Black Diamond", "Url": "https://www.maxi.ca/cheddar-style-slices-original/p/21252564_EA", "Sub Category": null, "English Name": "Cheddar-Style Slices, Original", "Size": "410 g", "Size Label": "ea"}, {"Category": "Cheese", "Aisle": "Dairy & Eggs", "Sku": "21060201_EA", "Regular Price": "None", "Sale Price": "6.79", "Image": "https://assets.shop.loblaws.ca/products/21060201/b1/en/front/21060201_front_a01_@2.png", "Brand": "President's Choice", "Url": "https://www.maxi.ca/pizza-mozzarella-shredded-cheese/p/21060201_EA", "Sub Category": null, "English Name": "Pizza Mozzarella Shredded Cheese", "Size": "320 g", "Size Label": "ea"}, {"Category": "Cheese", "Aisle": "Dairy & Eggs", "Sku": "21403514_EA", "Regular Price": "None", "Sale Price": "6.49", "Image": "https://assets.shop.loblaws.ca/products/21403514/b1/en/front/21403514_front_a01_@2.png", "Brand": "Amooza", "Url": "https://www.maxi.ca/pizza-mozzarella-cheese-with-mild-cheddar-taste-22/p/21403514_EA", "Sub Category": null, "English Name": "Pizza Mozzarella Cheese With Mild Cheddar Taste 22 % M.F.", "Size": "228 g", "Size Label": "ea"}, {"Category": "Cheese", "Aisle": "Dairy & Eggs", "Sku": "21289689_EA", "Regular Price": "None", "Sale Price": "6.79", "Image": "https://assets.shop.loblaws.ca/products/21289689/b1/en/front/21289689_front_a01_@2.png", "Brand": "President's Choice", "Url": "https://www.maxi.ca/extra-old-white-cheddar/p/21289689_EA", "Sub Category": null, "English Name": "Extra Old White Cheddar", "Size": "400 g", "Size Label": "ea"}, {"Category": "Cheese", "Aisle": "Dairy & Eggs", "Sku": "20742893_EA", "Regular Price": "None", "Sale Price": "4.99", "Image": "https://assets.shop.loblaws.ca/products/20742893/b1/en/front/20742893_front_a01_@2.png", "Brand": "No Name", "Url": "https://www.maxi.ca/swiss-cheese-slices/p/20742893_EA", "Sub Category": null, "English Name": "Swiss Cheese Slices", "Size": "210 g", "Size Label": "ea"}, {"Category": "Cheese", "Aisle": "Dairy & Eggs", "Sku": "21290620_EA", "Regular Price": "None", "Sale Price": "8.29", "Image": "https://assets.shop.loblaws.ca/products/21290620/b1/en/front/21290620_front_a01_@2.png", "Brand": "Cracker Barrel", "Url": "https://www.maxi.ca/shreds-mozza-cheddar/p/21290620_EA", "Sub Category": null, "English Name": "Shreds Mozza Cheddar", "Size": "320 g", "Size Label": "ea"}, {"Category": "Cheese", "Aisle": "Dairy & Eggs", "Sku": "21082795_EA", "Regular Price": "None", "Sale Price": "5.79", "Image": "https://assets.shop.loblaws.ca/products/21082795/b1/en/front/21082795_front_a01_@2.png", "Brand": "No Name", "Url": "https://www.maxi.ca/shredded-nacho-cheese-blend/p/21082795_EA", "Sub Category": null, "English Name": "Shredded Nacho Cheese Blend", "Size": "320 g", "Size Label": "ea"}, {"Category": "Cheese", "Aisle": "Dairy & Eggs", "Sku": "21189807_EA", "Regular Price": "5.49", "Sale Price": "3.99", "Image": "https://assets.shop.loblaws.ca/products/21189807/b1/en/front/21189807_front_a01_@2.png", "Brand": "Kraft", "Url": "https://www.maxi.ca/singles-original-thick-slices/p/21189807_EA", "Sub Category": null, "English Name": "Singles Original Thick Slices", "Size": "410 g", "Size Label": "ea"}, {"Category": "Cheese", "Aisle": "Dairy & Eggs", "Sku": "20742451_EA", "Regular Price": "None", "Sale Price": "4.99", "Image": "https://assets.shop.loblaws.ca/products/20742451/b1/en/front/20742451_front_a01_@2.png", "Brand": "No Name", "Url": "https://www.maxi.ca/medium-cheddar-cheese-slices/p/20742451_EA", "Sub Category": null, "English Name": "Medium Cheddar Cheese Slices", "Size": "230 g", "Size Label": "ea"}, {"Category": "Cheese", "Aisle": "Dairy & Eggs", "Sku": "20866816002_EA", "Regular Price": "4.49", "Sale Price": "3.99", "Image": "https://assets.shop.loblaws.ca/products/20866816002/b1/en/front/20866816002_front_a01_@2.png", "Brand": "Philadelphia", "Url": "https://www.maxi.ca/whipped-original-cream-cheese-product/p/20866816002_EA", "Sub Category": null, "English Name": "Whipped Original Cream Cheese Product", "Size": "227 g", "Size Label": "ea"}, {"Category": "Cheese", "Aisle": "Dairy & Eggs", "Sku": "20742858_EA", "Regular Price": "None", "Sale Price": "4.99", "Image": "https://assets.shop.loblaws.ca/products/20742858/b1/en/front/20742858_front_a01_@2.png", "Brand": "No Name", "Url": "https://www.maxi.ca/old-cheddar-cheese-slices/p/20742858_EA", "Sub Category": null, "English Name": "Old Cheddar Cheese Slices ", "Size": "210 g", "Size Label": "ea"}, {"Category": "Cheese", "Aisle": "Dairy & Eggs", "Sku": "21036106_EA", "Regular Price": "None", "Sale Price": "3.00", "Image": "https://assets.shop.loblaws.ca/products/21036106/b1/en/front/21036106_front_a01_@2.png", "Brand": "No Name", "Url": "https://www.maxi.ca/cream-cheese-spread/p/21036106_EA", "Sub Category": null, "English Name": "Cream Cheese Spread ", "Size": "227 g", "Size Label": "ea"}, {"Category": "Cheese", "Aisle": "Dairy & Eggs", "Sku": "21200684_EA", "Regular Price": "None", "Sale Price": "5.79", "Image": "https://assets.shop.loblaws.ca/products/21200684/b1/en/front/21200684_front_a01_@2.png", "Brand": "No Name", "Url": "https://www.maxi.ca/shredded-farmer-s-marble-cheese/p/21200684_EA", "Sub Category": null, "English Name": "Shredded Farmer's Marble Cheese", "Size": "320 g", "Size Label": "ea"}, {"Category": "Cheese", "Aisle": "Dairy & Eggs", "Sku": "20866929001_EA", "Regular Price": "None", "Sale Price": "5.99", "Image": "https://assets.shop.loblaws.ca/products/20866929001/b1/en/front/20866929001_front_a01_@2.png", "Brand": "Philadelphia", "Url": "https://www.maxi.ca/herb-garlic-cream-cheese-product/p/20866929001_EA", "Sub Category": null, "English Name": "Herb & Garlic Cream Cheese Product", "Size": "340 g", "Size Label": "ea"}, {"Category": "Cheese", "Aisle": "Dairy & Eggs", "Sku": "21060207_EA", "Regular Price": "None", "Sale Price": "6.79", "Image": "https://assets.shop.loblaws.ca/products/21060207/b1/en/front/21060207_front_a01_@2.png", "Brand": "President's Choice", "Url": "https://www.maxi.ca/tex-mex-shredded-cheese-blend/p/21060207_EA", "Sub Category": null, "English Name": "Tex Mex Shredded Cheese Blend", "Size": "320 g", "Size Label": "ea"}, {"Category": "Cheese", "Aisle": "Dairy & Eggs", "Sku": "20317943_EA", "Regular Price": "None", "Sale Price": "14.99", "Image": "https://assets.shop.loblaws.ca/products/20317943/b1/en/front/20317943_front_a01_@2.png", "Brand": "No Name", "Url": "https://www.maxi.ca/shredded-mozzarella-cheese/p/20317943_EA", "Sub Category": null, "English Name": "Shredded Mozzarella Cheese", "Size": "900 g", "Size Label": "ea"}, {"Category": "Cheese", "Aisle": "Dairy & Eggs", "Sku": "21290232_EA", "Regular Price": "None", "Sale Price": "6.29", "Image": "https://assets.shop.loblaws.ca/products/21290232/b1/en/front/21290232_front_a01_@2.png", "Brand": "P'tit Qu\u00e9bec", "Url": "https://www.maxi.ca/cheese-mozzarella-28-m-f-8-snacks-168-g/p/21290232_EA", "Sub Category": null, "English Name": "Cheese, Mozzarella 28 % M.F. 8 Snacks 168 g", "Size": "168 g", "Size Label": "ea"}, {"Category": "Cheese", "Aisle": "Dairy & Eggs", "Sku": "21188288_EA", "Regular Price": "5.49", "Sale Price": "3.99", "Image": "https://assets.shop.loblaws.ca/products/21188288/b1/en/front/21188288_front_a01_@2.png", "Brand": "Kraft", "Url": "https://www.maxi.ca/velveeta-original-thin-slices/p/21188288_EA", "Sub Category": null, "English Name": "Velveeta Original Thin Slices", "Size": "410 g", "Size Label": "ea"}, {"Category": "Cheese", "Aisle": "Dairy & Eggs", "Sku": "21188312_EA", "Regular Price": "None", "Sale Price": "10.99", "Image": "https://assets.shop.loblaws.ca/products/21188312/b1/en/front/21188312_front_a01_@2.png", "Brand": "Kraft", "Url": "https://www.maxi.ca/singles-original-slices/p/21188312_EA", "Sub Category": null, "English Name": "Singles Original Slices", "Size": "825 g", "Size Label": "ea"}, {"Category": "Cheese", "Aisle": "Dairy & Eggs", "Sku": "21495983_EA", "Regular Price": "None", "Sale Price": "7.99", "Image": "https://assets.shop.loblaws.ca/products/21495983/b1/en/front/21495983_front_a01_@2.png", "Brand": "Saputo", "Url": "https://www.maxi.ca/lactose-free-mozzarellissima/p/21495983_EA", "Sub Category": null, "English Name": "Lactose Free Mozzarellissima", "Size": "500 g", "Size Label": "ea"}, {"Category": "Cheese", "Aisle": "Dairy & Eggs", "Sku": "21289577_EA", "Regular Price": "None", "Sale Price": "6.79", "Image": "https://assets.shop.loblaws.ca/products/21289577/b1/en/front/21289577_front_a01_@2.png", "Brand": "President's Choice", "Url": "https://www.maxi.ca/smoke-flavoured-cheddar-cheese/p/21289577_EA", "Sub Category": null, "English Name": "Smoke Flavoured Cheddar Cheese", "Size": "400 g", "Size Label": "ea"}, {"Category": "Cheese", "Aisle": "Dairy & Eggs", "Sku": "21188394_EA", "Regular Price": "None", "Sale Price": "3.99", "Image": "https://assets.shop.loblaws.ca/products/21188394/b1/en/front/21188394_front_a01_@2.png", "Brand": "Kraft", "Url": "https://www.maxi.ca/singles-swiss-slices/p/21188394_EA", "Sub Category": null, "English Name": "Singles Swiss Slices", "Size": "410 g", "Size Label": "ea"}, {"Category": "Cheese", "Aisle": "Dairy & Eggs", "Sku": "21083518_EA", "Regular Price": "None", "Sale Price": "6.79", "Image": "https://assets.shop.loblaws.ca/products/21083518/b1/en/front/21083518_front_a01_@2.png", "Brand": "President's Choice", "Url": "https://www.maxi.ca/lactose-free-triple-cheddar-shredded-cheese-blend/p/21083518_EA", "Sub Category": null, "English Name": "Lactose Free Triple Cheddar Shredded Cheese Blend", "Size": "320 g", "Size Label": "ea"}, {"Category": "Cheese", "Aisle": "Dairy & Eggs", "Sku": "21278710_EA", "Regular Price": "None", "Sale Price": "4.69", "Image": "https://assets.shop.loblaws.ca/products/21278710/b1/en/front/21278710_front_a01_@2.png", "Brand": "Black Diamond", "Url": "https://www.maxi.ca/processed-cheddar-cheese-slices-thick/p/21278710_EA", "Sub Category": null, "English Name": "Processed Cheddar Cheese Slices Thick", "Size": "410 g", "Size Label": "ea"}, {"Category": "Cheese", "Aisle": "Dairy & Eggs", "Sku": "21220995_EA", "Regular Price": "None", "Sale Price": "4.29", "Image": "https://assets.shop.loblaws.ca/products/21220995/b1/en/front/21220995_front_a01_@2.png", "Brand": "No Name", "Url": "https://www.maxi.ca/cheddar-flavour-processed-cheese-product-slices/p/21220995_EA", "Sub Category": null, "English Name": "Cheddar Flavour Processed Cheese Product Slices", "Size": "400 g", "Size Label": "ea"}, {"Category": "Cheese", "Aisle": "Dairy & Eggs", "Sku": "21290231_EA", "Regular Price": "None", "Sale Price": "6.29", "Image": "https://assets.shop.loblaws.ca/products/21290231/b1/en/front/21290231_front_a01_@2.png", "Brand": "P'tit Qu\u00e9bec", "Url": "https://www.maxi.ca/cheese-cheddar-very-mild-34-m-f-8-snacks-168-g/p/21290231_EA", "Sub Category": null, "English Name": "Cheese, Cheddar Very Mild 34 % M.F. 8 Snacks 168 g", "Size": "168 g", "Size Label": "ea"}, {"Category": "Cheese", "Aisle": "Dairy & Eggs", "Sku": "21289586_EA", "Regular Price": "None", "Sale Price": "6.79", "Image": "https://assets.shop.loblaws.ca/products/21289586/b1/en/front/21289586_front_a01_@2.png", "Brand": "President's Choice", "Url": "https://www.maxi.ca/lactose-free-old-white-cheddar-cheese/p/21289586_EA", "Sub Category": null, "English Name": "Lactose Free Old White Cheddar Cheese", "Size": "400 g", "Size Label": "ea"}, {"Category": "Cheese", "Aisle": "Dairy & Eggs", "Sku": "20309769_EA", "Regular Price": "None", "Sale Price": "14.99", "Image": "https://assets.shop.loblaws.ca/products/20309769/b1/en/front/20309769_front_a01_@2.png", "Brand": "No Name", "Url": "https://www.maxi.ca/shredded-cheddar-monterey-jack-cheese-blend/p/20309769_EA", "Sub Category": null, "English Name": "Shredded Cheddar & Monterey Jack Cheese Blend", "Size": "900 g", "Size Label": "ea"}, {"Category": "Cheese", "Aisle": "Dairy & Eggs", "Sku": "21290229_EA", "Regular Price": "7.79", "Sale Price": "4.44", "Image": "https://assets.shop.loblaws.ca/products/21290229/b1/en/front/21290229_front_a01_@2.png", "Brand": "P'tit Qu\u00e9bec", "Url": "https://www.maxi.ca/shredded-mozzarella/p/21290229_EA", "Sub Category": null, "English Name": "Shredded Mozzarella", "Size": "320 g", "Size Label": "ea"}, {"Category": "Cheese", "Aisle": "Dairy & Eggs", "Sku": "20717059_EA", "Regular Price": "None", "Sale Price": "13.49", "Image": "https://assets.shop.loblaws.ca/products/20717059/b1/en/front/20717059_front_a01_@2.png", "Brand": "Kinsey", "Url": "https://www.maxi.ca/cheese-pizza-mozzarella-shredded/p/20717059_EA", "Sub Category": null, "English Name": "Cheese, Pizza Mozzarella Shredded", "Size": "600 g", "Size Label": "ea"}, {"Category": "Cheese", "Aisle": "Dairy & Eggs", "Sku": "21289719_EA", "Regular Price": "None", "Sale Price": "5.99", "Image": "https://assets.shop.loblaws.ca/products/21289719/b1/en/front/21289719_front_a01_@2.png", "Brand": "No Name", "Url": "https://www.maxi.ca/cheddar-light-old-white/p/21289719_EA", "Sub Category": null, "English Name": "Cheddar Light Old White", "Size": "400 g", "Size Label": "ea"}, {"Category": "Cheese", "Aisle": "Dairy & Eggs", "Sku": "21316018_EA", "Regular Price": "None", "Sale Price": "4.79", "Image": "https://assets.shop.loblaws.ca/products/21316018/b1/en/front/21316018_front_a01_@2.png", "Brand": "Tre Stelle", "Url": "https://www.maxi.ca/tre-stelle-cream-cheese-original/p/21316018_EA", "Sub Category": null, "English Name": "Tre Stelle Cream Cheese Original    ", "Size": "200 g", "Size Label": "ea"}, {"Category": "Cheese", "Aisle": "Dairy & Eggs", "Sku": "21506659_EA", "Regular Price": "3.24", "Sale Price": "2.94", "Image": "https://assets.shop.loblaws.ca/products/21506659/b1/en/front/21506659_front_a01_@2.png", "Brand": "President's Choice", "Url": "https://www.maxi.ca/lactose-free-marble-cheddar-cheese-slices/p/21506659_EA", "Sub Category": null, "English Name": "Lactose Free Marble Cheddar Cheese Slices", "Size": "210 g", "Size Label": "ea"}, {"Category": "Cheese", "Aisle": "Dairy & Eggs", "Sku": "21221009_EA", "Regular Price": "None", "Sale Price": "4.29", "Image": "https://assets.shop.loblaws.ca/products/21221009/b1/en/front/21221009_front_a01_@2.png", "Brand": "No Name", "Url": "https://www.maxi.ca/cheddar-flavour-processed-cheese-product-thick-sli/p/21221009_EA", "Sub Category": null, "English Name": "Cheddar Flavour Processed Cheese Product Thick Slices", "Size": "400 g", "Size Label": "ea"}, {"Category": "Cheese", "Aisle": "Dairy & Eggs", "Sku": "21295367_EA", "Regular Price": "None", "Sale Price": "6.49", "Image": "https://assets.shop.loblaws.ca/products/21295367/b1/en/front/21295367_front_a01_@2.png", "Brand": "PC Organics", "Url": "https://www.maxi.ca/organic-mozzarella/p/21295367_EA", "Sub Category": null, "English Name": "Organic Mozzarella", "Size": "200 g", "Size Label": "ea"}, {"Category": "Cheese", "Aisle": "Dairy & Eggs", "Sku": "20039037_EA", "Regular Price": "None", "Sale Price": "6.49", "Image": "https://assets.shop.loblaws.ca/products/20039037/b1/en/front/20039037_front_a01_@2.png", "Brand": "PC Organics", "Url": "https://www.maxi.ca/organic-cheese-medium-cheddar/p/20039037_EA", "Sub Category": null, "English Name": "Organic Cheese, Medium Cheddar", "Size": "200 g", "Size Label": "ea"}, {"Category": "Cheese", "Aisle": "Dairy & Eggs", "Sku": "21290235_EA", "Regular Price": "None", "Sale Price": "6.29", "Image": "https://assets.shop.loblaws.ca/products/21290235/b1/en/front/21290235_front_a01_@2.png", "Brand": "P'tit Qu\u00e9bec", "Url": "https://www.maxi.ca/mozzarella-cheese-28-m-f/p/21290235_EA", "Sub Category": null, "English Name": "Mozzarella Cheese 28 % M.F.", "Size": "240 g", "Size Label": "ea"}, {"Category": "Cheese", "Aisle": "Dairy & Eggs", "Sku": "21290239_EA", "Regular Price": "None", "Sale Price": "6.29", "Image": "https://assets.loblaws.ca/pcx_bronx_fe_assets/images/common/coming-soon-en-web.png", "Brand": "P'tit Qu\u00e9bec", "Url": "https://www.maxi.ca/swiss-cheese-slice/p/21290239_EA", "Sub Category": null, "English Name": "Swiss Cheese Slice", "Size": "220 g", "Size Label": "ea"}, {"Category": "Cheese", "Aisle": "Dairy & Eggs", "Sku": "20866923001_EA", "Regular Price": "None", "Sale Price": "8.49", "Image": "https://assets.shop.loblaws.ca/products/20866923001/b1/en/front/20866923001_front_a01_@2.png", "Brand": "Philadelphia", "Url": "https://www.maxi.ca/original-cream-cheese-product/p/20866923001_EA", "Sub Category": null, "English Name": "Original Cream Cheese Product", "Size": "450 g", "Size Label": "ea"}, {"Category": "Cheese", "Aisle": "Dairy & Eggs", "Sku": "21411880_EA", "Regular Price": "None", "Sale Price": "6.99", "Image": "https://assets.shop.loblaws.ca/products/21411880/b1/en/front/21411880_front_a01_@2.png", "Brand": "Kraft", "Url": "https://www.maxi.ca/slice-extra-cheddar/p/21411880_EA", "Sub Category": null, "English Name": "Slice, Extra Cheddar", "Size": "390 g", "Size Label": "ea"}, {"Category": "Cheese", "Aisle": "Dairy & Eggs", "Sku": "21290593_EA", "Regular Price": "None", "Sale Price": "8.29", "Image": "https://assets.shop.loblaws.ca/products/21290593/b1/en/front/21290593_front_a01_@2.png", "Brand": "Cracker Barrel", "Url": "https://www.maxi.ca/shreds-italiano/p/21290593_EA", "Sub Category": null, "English Name": "Shreds Italiano", "Size": "320 g", "Size Label": "ea"}, {"Category": "Cheese", "Aisle": "Dairy & Eggs", "Sku": "20092636003_EA", "Regular Price": "4.79", "Sale Price": "2.89", "Image": "https://assets.shop.loblaws.ca/products/20092636003/b1/en/front/20092636003_front_a01_@2.png", "Brand": "Sealtest", "Url": "https://www.maxi.ca/4-cottage-cheese/p/20092636003_EA", "Sub Category": null, "English Name": "4% Cottage Cheese", "Size": "500 g", "Size Label": "ea"}, {"Category": "Cheese", "Aisle": "Dairy & Eggs", "Sku": "21002993_EA", "Regular Price": "None", "Sale Price": "4.79", "Image": "https://assets.shop.loblaws.ca/products/21002993/b1/en/front/21002993_front_a01_@2.png", "Brand": "Tre Stelle", "Url": "https://www.maxi.ca/tre-stelle-creamy-cheese-spread-lactose-free/p/21002993_EA", "Sub Category": null, "English Name": "Tre Stelle Creamy Cheese Spread, Lactose Free", "Size": "200 g", "Size Label": "ea"}, {"Category": "Cheese", "Aisle": "Dairy & Eggs", "Sku": "21216994_EA", "Regular Price": "None", "Sale Price": "3.00", "Image": "https://assets.shop.loblaws.ca/products/21216994/b1/en/front/21216994_front_a01_@2.png", "Brand": "No Name", "Url": "https://www.maxi.ca/cream-cheese-spread-with-everything-bagel-seasonin/p/21216994_EA", "Sub Category": null, "English Name": "Cream Cheese Spread with Everything Bagel Seasoning", "Size": "227 g", "Size Label": "ea"}, {"Category": "Cheese", "Aisle": "Dairy & Eggs", "Sku": "21403492_EA", "Regular Price": "None", "Sale Price": "7.79", "Image": "https://assets.shop.loblaws.ca/products/21403492/b1/en/front/21403492_front_a01_@2.png", "Brand": "Black Diamond", "Url": "https://www.maxi.ca/cheese-pizza-mozzarella-stringable-marbelicious-z/p/21403492_EA", "Sub Category": null, "English Name": "Cheese, Pizza Mozzarella Stringable Marbelicious Z\u00eabr\u00e9s 18% M.F.", "Size": "252 g", "Size Label": "ea"}, {"Category": "Cheese", "Aisle": "Dairy & Eggs", "Sku": "21290221_EA", "Regular Price": "7.79", "Sale Price": "4.44", "Image": "https://assets.shop.loblaws.ca/products/21290221/b1/en/front/21290221_front_a01_@2.png", "Brand": "P'tit Qu\u00e9bec", "Url": "https://www.maxi.ca/cheese-shredded-natural-cheddar-pizza-mozzarella-v/p/21290221_EA", "Sub Category": null, "English Name": "Cheese, Shredded Natural Cheddar & Pizza Mozzarella Very Mild 30 % M.F.", "Size": "320 g", "Size Label": "ea"}, {"Category": "Cheese", "Aisle": "Dairy & Eggs", "Sku": "21035629_EA", "Regular Price": "None", "Sale Price": "3.00", "Image": "https://assets.shop.loblaws.ca/products/21035629/b1/en/front/21035629_front_a01_@2.png", "Brand": "No Name", "Url": "https://www.maxi.ca/light-original-cream-cheese-product/p/21035629_EA", "Sub Category": null, "English Name": "Light Original Cream Cheese Product", "Size": "227 g", "Size Label": "ea"}, {"Category": "Cheese", "Aisle": "Dairy & Eggs", "Sku": "21289779_EA", "Regular Price": "None", "Sale Price": "5.99", "Image": "https://assets.shop.loblaws.ca/products/21289779/b1/en/front/21289779_front_a01_@2.png", "Brand": "No Name", "Url": "https://www.maxi.ca/white-medium-cheddar/p/21289779_EA", "Sub Category": null, "English Name": "White Medium Cheddar", "Size": "400 g", "Size Label": "ea"}, {"Category": "Cheese", "Aisle": "Dairy & Eggs", "Sku": "21279754_EA", "Regular Price": "None", "Sale Price": "7.79", "Image": "https://assets.shop.loblaws.ca/products/21279754/b1/en/front/21279754_front_a01_@2.png", "Brand": "No Name", "Url": "https://www.maxi.ca/processed-cheese-product-thick-slices-cheddar-flav/p/21279754_EA", "Sub Category": null, "English Name": "Processed Cheese Product Thick Slices Cheddar Flavour", "Size": "800 g", "Size Label": "ea"}, {"Category": "Cheese", "Aisle": "Dairy & Eggs", "Sku": "20298441001_EA", "Regular Price": "None", "Sale Price": "3.49", "Image": "https://assets.shop.loblaws.ca/products/20298441001/b1/en/front/20298441001_front_a01_@2.png", "Brand": "No Name", "Url": "https://www.maxi.ca/light-marble-cheddar-cheese/p/20298441001_EA", "Sub Category": null, "English Name": "Light Marble Cheddar Cheese", "Size": "200 g", "Size Label": "ea"}, {"Category": "Cheese", "Aisle": "Dairy & Eggs", "Sku": "21290240_EA", "Regular Price": "None", "Sale Price": "6.29", "Image": "https://assets.shop.loblaws.ca/products/21290240/b1/en/front/21290240_front_a01_@2.png", "Brand": "P'tit Qu\u00e9bec", "Url": "https://www.maxi.ca/cheese-cheddar-medium-35-m-f-12-slices/p/21290240_EA", "Sub Category": null, "English Name": "Cheese, Cheddar Medium 35 % M.F. 12 Slices ", "Size": "240 g", "Size Label": "ea"}, {"Category": "Cheese", "Aisle": "Dairy & Eggs", "Sku": "20866923002_EA", "Regular Price": "None", "Sale Price": "8.49", "Image": "https://assets.shop.loblaws.ca/products/20866923002/b1/en/front/20866923002_front_a01_@2.png", "Brand": "Philadelphia", "Url": "https://www.maxi.ca/light-cream-cheese/p/20866923002_EA", "Sub Category": null, "English Name": "Light Cream Cheese", "Size": "450 g", "Size Label": "ea"}, {"Category": "Cheese", "Aisle": "Dairy & Eggs", "Sku": "21035622_EA", "Regular Price": "None", "Sale Price": "3.00", "Image": "https://assets.shop.loblaws.ca/products/21035622/b1/en/front/21035622_front_a01_@2.png", "Brand": "No Name", "Url": "https://www.maxi.ca/cream-cheese-spread-with-herbs-roasted-garlic/p/21035622_EA", "Sub Category": null, "English Name": "Cream Cheese Spread with Herbs & Roasted Garlic", "Size": "227 g", "Size Label": "ea"}, {"Category": "Cheese", "Aisle": "Dairy & Eggs", "Sku": "20575221_EA", "Regular Price": "None", "Sale Price": "6.79", "Image": "https://assets.shop.loblaws.ca/products/20575221/b1/en/front/20575221_front_a01_@2.png", "Brand": "Kiri", "Url": "https://www.maxi.ca/cream-cheese/p/20575221_EA", "Sub Category": null, "English Name": "Cream Cheese", "Size": "144 g", "Size Label": "ea"}, {"Category": "Cheese", "Aisle": "Dairy & Eggs", "Sku": "21032263_EA", "Regular Price": "None", "Sale Price": "3.59", "Image": "https://assets.shop.loblaws.ca/products/21032263/b1/en/front/21032263_front_a01_@2.png", "Brand": "President's Choice", "Url": "https://www.maxi.ca/greek-yogurt-tzatziki-dip/p/21032263_EA", "Sub Category": null, "English Name": "Greek Yogurt Tzatziki Dip", "Size": "227 g", "Size Label": "ea"}, {"Category": "Cheese", "Aisle": "Dairy & Eggs", "Sku": "21123084_EA", "Regular Price": "4.49", "Sale Price": "3.99", "Image": "https://assets.shop.loblaws.ca/products/21123084/b1/en/front/21123084_front_a01_@2.png", "Brand": "Philadelphia", "Url": "https://www.maxi.ca/whipped-frosting-cream-cheese/p/21123084_EA", "Sub Category": null, "English Name": "Whipped Frosting, Cream Cheese", "Size": "280 g", "Size Label": "ea"}, {"Category": "Cheese", "Aisle": "Dairy & Eggs", "Sku": "21339330_EA", "Regular Price": "7.29", "Sale Price": "4.99", "Image": "https://assets.shop.loblaws.ca/products/21339330/b1/en/front/21339330_front_a01_@2.png", "Brand": "Violife", "Url": "https://www.maxi.ca/cheddar-style-slices/p/21339330_EA", "Sub Category": null, "English Name": "Cheddar Style Slices ", "Size": "200 g", "Size Label": "ea"}, {"Category": "Cheese", "Aisle": "Dairy & Eggs", "Sku": "20866816001_EA", "Regular Price": "4.49", "Sale Price": "3.99", "Image": "https://assets.shop.loblaws.ca/products/20866816001/b1/en/front/20866816001_front_a01_@2.png", "Brand": "Philadelphia", "Url": "https://www.maxi.ca/chive-whipped-cream-cheese-product/p/20866816001_EA", "Sub Category": null, "English Name": "Chive Whipped Cream Cheese Product", "Size": "227 g", "Size Label": "ea"}, {"Category": "Cheese", "Aisle": "Dairy & Eggs", "Sku": "20866971_EA", "Regular Price": "4.49", "Sale Price": "3.99", "Image": "https://assets.shop.loblaws.ca/products/20866971/b1/en/front/20866971_front_a01_@2.png", "Brand": "Philadelphia", "Url": "https://www.maxi.ca/mixed-berry-whipped-cream-cheese-product/p/20866971_EA", "Sub Category": null, "English Name": "Mixed Berry Whipped Cream Cheese Product", "Size": "227 g", "Size Label": "ea"}, {"Category": "Cheese", "Aisle": "Dairy & Eggs", "Sku": "21290206_EA", "Regular Price": "7.49", "Sale Price": "4.44", "Image": "https://assets.shop.loblaws.ca/products/21290206/b1/en/front/21290206_front_a01_@2.png", "Brand": "P'tit Qu\u00e9bec", "Url": "https://www.maxi.ca/cheese-cheddar-very-mild-cheddar-34-m-f/p/21290206_EA", "Sub Category": null, "English Name": "Cheese, Cheddar Very Mild Cheddar 34 % M.F.", "Size": "400 g", "Size Label": "ea"}, {"Category": "Cheese", "Aisle": "Dairy & Eggs", "Sku": "20324502_EA", "Regular Price": "None", "Sale Price": "12.99", "Image": "https://assets.shop.loblaws.ca/products/20324502/b1/en/front/20324502_front_a01_@2.png", "Brand": "Saputo", "Url": "https://www.maxi.ca/cheese-mozzarellissma-light/p/20324502_EA", "Sub Category": null, "English Name": "Cheese, Mozzarellissma, Light", "Size": "700 g", "Size Label": "ea"}, {"Category": "Cheese", "Aisle": "Dairy & Eggs", "Sku": "20866924001_EA", "Regular Price": "4.49", "Sale Price": "3.99", "Image": "https://assets.shop.loblaws.ca/products/20866924001/b1/en/front/20866924001_front_a01_@2.png", "Brand": "Philadelphia", "Url": "https://www.maxi.ca/smoked-salmon-cream-cheese-product/p/20866924001_EA", "Sub Category": null, "English Name": "Smoked Salmon Cream Cheese Product", "Size": "227 g", "Size Label": "ea"}, {"Category": "Cheese", "Aisle": "Dairy & Eggs", "Sku": "20984624_EA", "Regular Price": "None", "Sale Price": "4.49", "Image": "https://assets.shop.loblaws.ca/products/20984624/b1/en/front/20984624_front_a01_@2.png", "Brand": "President's Choice", "Url": "https://www.maxi.ca/lactose-free-2-m-f-cottage-cheese/p/20984624_EA", "Sub Category": null, "English Name": "Lactose Free 2% M.F. Cottage Cheese", "Size": "500 g", "Size Label": "ea"}, {"Category": "Cheese", "Aisle": "Dairy & Eggs", "Sku": "20770964_EA", "Regular Price": "None", "Sale Price": "17.49", "Image": "https://assets.shop.loblaws.ca/products/20770964/b1/en/front/20770964_front_a01_@2.png", "Brand": "Saputo", "Url": "https://www.maxi.ca/mozzarellissima/p/20770964_EA", "Sub Category": null, "English Name": "Mozzarellissima", "Size": "1 kg", "Size Label": "ea"}, {"Category": "Cheese", "Aisle": "Dairy & Eggs", "Sku": "21405953_EA", "Regular Price": "None", "Sale Price": "5.29", "Image": "https://assets.shop.loblaws.ca/products/21405953/b1/en/front/21405953_front_a01_@2.png", "Brand": "President's Choice", "Url": "https://www.maxi.ca/havarti-sliced-cheese/p/21405953_EA", "Sub Category": null, "English Name": "Havarti Sliced Cheese", "Size": "210 g", "Size Label": "ea"}, {"Category": "Cheese", "Aisle": "Dairy & Eggs", "Sku": "20922823_EA", "Regular Price": "None", "Sale Price": "6.79", "Image": "https://assets.shop.loblaws.ca/products/20922823/b1/en/front/20922823_front_a01_@2.png", "Brand": "President's Choice", "Url": "https://www.maxi.ca/naturally-lactose-free-swiss-cheese/p/20922823_EA", "Sub Category": null, "English Name": "Naturally Lactose-Free Swiss Cheese ", "Size": "300 g", "Size Label": "ea"}, {"Category": "Cheese", "Aisle": "Dairy & Eggs", "Sku": "20331973_EA", "Regular Price": "None", "Sale Price": "3.49", "Image": "https://assets.shop.loblaws.ca/products/20331973/b1/en/front/20331973_front_a01_@2.png", "Brand": "No Name", "Url": "https://www.maxi.ca/farmer-s-marble-cheese/p/20331973_EA", "Sub Category": null, "English Name": "Farmer's Marble Cheese ", "Size": "200 g", "Size Label": "ea"}, {"Category": "Cheese", "Aisle": "Dairy & Eggs", "Sku": "20868648_EA", "Regular Price": "None", "Sale Price": "3.49", "Image": "https://assets.shop.loblaws.ca/products/20868648/b1/en/front/20868648_front_a01_@2.png", "Brand": "No Name", "Url": "https://www.maxi.ca/cheddar-cheese-old-white/p/20868648_EA", "Sub Category": null, "English Name": "Cheddar Cheese, Old White", "Size": "200 g", "Size Label": "ea"}, {"Category": "Cheese", "Aisle": "Dairy & Eggs", "Sku": "21290234_EA", "Regular Price": "None", "Sale Price": "6.29", "Image": "https://assets.shop.loblaws.ca/products/21290234/b1/en/front/21290234_front_a01_@2.png", "Brand": "P'tit Qu\u00e9bec", "Url": "https://www.maxi.ca/cheese-cheddar-very-mild-34-m-f-12-slices/p/21290234_EA", "Sub Category": null, "English Name": "Cheese, Cheddar Very Mild 34 % M.F. 12 Slices ", "Size": "240 g", "Size Label": "ea"}, {"Category": "Cheese", "Aisle": "Dairy & Eggs", "Sku": "20323653001_EA", "Regular Price": "None", "Sale Price": "2.29", "Image": "https://assets.shop.loblaws.ca/products/20323653001/b1/en/front/20323653001_front_a01_@2.png", "Brand": "No Name", "Url": "https://www.maxi.ca/light-cottage-cheese/p/20323653001_EA", "Sub Category": null, "English Name": "Light Cottage Cheese", "Size": "250 g", "Size Label": "ea"}, {"Category": "Cheese", "Aisle": "Dairy & Eggs", "Sku": "20324286002_EA", "Regular Price": "4.49", "Sale Price": "3.99", "Image": "https://assets.shop.loblaws.ca/products/20324286002/b1/en/front/20324286002_front_a01_@2.png", "Brand": "Philadelphia", "Url": "https://www.maxi.ca/light-cream-cheese-spread/p/20324286002_EA", "Sub Category": null, "English Name": "Light Cream Cheese Spread", "Size": "250 g", "Size Label": "ea"}, {"Category": "Cheese", "Aisle": "Dairy & Eggs", "Sku": "20866924005_EA", "Regular Price": "4.19", "Sale Price": "3.99", "Image": "https://assets.shop.loblaws.ca/products/20866924005/b1/en/front/20866924005_front_a01_@2.png", "Brand": "Philadelphia", "Url": "https://www.maxi.ca/light-original-cream-cheese-product/p/20866924005_EA", "Sub Category": null, "English Name": "Light Original Cream Cheese Product", "Size": "227 g", "Size Label": "ea"}, {"Category": "Cheese", "Aisle": "Dairy & Eggs", "Sku": "20308105002_EA", "Regular Price": "None", "Sale Price": "3.00", "Image": "https://assets.shop.loblaws.ca/products/20308105002/b1/en/front/20308105002_front_a01_@2.png", "Brand": "No Name", "Url": "https://www.maxi.ca/pasteurized-light-cream-cheese-spread/p/20308105002_EA", "Sub Category": null, "English Name": "Pasteurized Light Cream Cheese Spread", "Size": "250 g", "Size Label": "ea"}, {"Category": "Cheese", "Aisle": "Dairy & Eggs", "Sku": "21537375_EA", "Regular Price": "None", "Sale Price": "7.79", "Image": "https://assets.shop.loblaws.ca/products/21537375/b1/en/front/21537375_front_a01_@2.png", "Brand": "Black Diamond", "Url": "https://www.maxi.ca/cheestrings-pizza-mozzarella-cheese-x-treme-jalape/p/21537375_EA", "Sub Category": null, "English Name": "Cheestrings Pizza Mozzarella Cheese X-Treme Jalape\u00f1o Stringable 18% M.F.", "Size": "252 g", "Size Label": "ea"}, {"Category": "Cheese", "Aisle": "Dairy & Eggs", "Sku": "21290456_EA", "Regular Price": "7.49", "Sale Price": "4.44", "Image": "https://assets.shop.loblaws.ca/products/21290456/b1/en/front/21290456_front_a01_@2.png", "Brand": "P'tit Qu\u00e9bec", "Url": "https://www.maxi.ca/cheddar-blanc-doux-leg/p/21290456_EA", "Sub Category": null, "English Name": "Cheddar Blanc Doux Leg", "Size": "400 g", "Size Label": "ea"}, {"Category": "Cheese", "Aisle": "Dairy & Eggs", "Sku": "20765349_EA", "Regular Price": "None", "Sale Price": "7.29", "Image": "https://assets.shop.loblaws.ca/products/20765349/b1/en/front/20765349_front_a01_@2.png", "Brand": "No Name", "Url": "https://www.maxi.ca/stringable-cheese-marble/p/20765349_EA", "Sub Category": null, "English Name": "Stringable Cheese Marble", "Size": "336 g", "Size Label": "ea"}, {"Category": "Cheese", "Aisle": "Dairy & Eggs", "Sku": "20323653002_EA", "Regular Price": "None", "Sale Price": "2.29", "Image": "https://assets.shop.loblaws.ca/products/20323653002/b1/en/front/20323653002_front_a01_@2.png", "Brand": "No Name", "Url": "https://www.maxi.ca/cottage-cheese/p/20323653002_EA", "Sub Category": null, "English Name": "Cottage Cheese", "Size": "250 g", "Size Label": "ea"}, {"Category": "Cheese", "Aisle": "Dairy & Eggs", "Sku": "21290202_EA", "Regular Price": "7.49", "Sale Price": "4.44", "Image": "https://assets.shop.loblaws.ca/products/21290202/b1/en/front/21290202_front_a01_@2.png", "Brand": "P'tit Qu\u00e9bec", "Url": "https://www.maxi.ca/part-skim-pizza-mozzarella-cheese-17-m-f/p/21290202_EA", "Sub Category": null, "English Name": "Part Skim Pizza Mozzarella Cheese 17 % M.F.", "Size": "400 g", "Size Label": "ea"}, {"Category": "Cheese", "Aisle": "Dairy & Eggs", "Sku": "20142980_EA", "Regular Price": "None", "Sale Price": "14.99", "Image": "https://assets.shop.loblaws.ca/products/20142980/b1/en/front/20142980_front_a01_@2.png", "Brand": "No Name", "Url": "https://www.maxi.ca/shredded-nacho-cheese-blend/p/20142980_EA", "Sub Category": null, "English Name": "Shredded Nacho Cheese Blend", "Size": "900 g", "Size Label": "ea"}, {"Category": "Cheese", "Aisle": "Dairy & Eggs", "Sku": "21289706_EA", "Regular Price": "None", "Sale Price": "5.99", "Image": "https://assets.shop.loblaws.ca/products/21289706/b1/en/front/21289706_front_a01_@2.png", "Brand": "No Name", "Url": "https://www.maxi.ca/light-part-skim-mozzarella-cheese/p/21289706_EA", "Sub Category": null, "English Name": "Light Part Skim Mozzarella Cheese", "Size": "400 g", "Size Label": "ea"}, {"Category": "Cheese", "Aisle": "Dairy & Eggs", "Sku": "21339317_EA", "Regular Price": "7.29", "Sale Price": "4.99", "Image": "https://assets.shop.loblaws.ca/products/21339317/b1/en/front/21339317_front_a01_@2.png", "Brand": "Violife", "Url": "https://www.maxi.ca/smoke-flavoured-provolone-style-slices/p/21339317_EA", "Sub Category": null, "English Name": "Smoke Flavoured Provolone Style Slices", "Size": "200 g", "Size Label": "ea"}, {"Category": "Cheese", "Aisle": "Dairy & Eggs", "Sku": "21060211_EA", "Regular Price": "None", "Sale Price": "6.79", "Image": "https://assets.shop.loblaws.ca/products/21060211/b1/en/front/21060211_front_a01_@2.png", "Brand": "President's Choice", "Url": "https://www.maxi.ca/tre-formaggi-shredded-cheese-blend/p/21060211_EA", "Sub Category": null, "English Name": "Tre Formaggi Shredded Cheese Blend", "Size": "320 g", "Size Label": "ea"}, {"Category": "Cheese", "Aisle": "Dairy & Eggs", "Sku": "20986474_EA", "Regular Price": "None", "Sale Price": "7.29", "Image": "https://assets.shop.loblaws.ca/products/20986474/b1/en/front/20986474_front_a01_@2.png", "Brand": "Black Diamond", "Url": "https://www.maxi.ca/marble-cheddar-cheese-sticks/p/20986474_EA", "Sub Category": null, "English Name": "Marble Cheddar Cheese Sticks", "Size": "252 g", "Size Label": "ea"}, {"Category": "Cheese", "Aisle": "Dairy & Eggs", "Sku": "20092636002_EA", "Regular Price": "4.79", "Sale Price": "2.89", "Image": "https://assets.shop.loblaws.ca/products/20092636002/b1/en/front/20092636002_front_a01_@2.png", "Brand": "Sealtest", "Url": "https://www.maxi.ca/2-cottage-cheese/p/20092636002_EA", "Sub Category": null, "English Name": "2% Cottage Cheese", "Size": "500 g", "Size Label": "ea"}, {"Category": "Cheese", "Aisle": "Dairy & Eggs", "Sku": "20763300_EA", "Regular Price": "None", "Sale Price": "7.79", "Image": "https://assets.shop.loblaws.ca/products/20763300/b1/en/front/20763300_front_a01_@2.png", "Brand": "Black Diamond", "Url": "https://www.maxi.ca/cheestrings-mozzarella-18-m-f/p/20763300_EA", "Sub Category": null, "English Name": "Cheestrings Mozzarella 18% M.F.", "Size": "336 g", "Size Label": "ea"}, {"Category": "Cheese", "Aisle": "Dairy & Eggs", "Sku": "20092636001_EA", "Regular Price": "4.79", "Sale Price": "2.89", "Image": "https://assets.shop.loblaws.ca/products/20092636001/b1/en/front/20092636001_front_a01_@2.png", "Brand": "Sealtest", "Url": "https://www.maxi.ca/1-cottage-cheese/p/20092636001_EA", "Sub Category": null, "English Name": "1% Cottage Cheese", "Size": "500 g", "Size Label": "ea"}, {"Category": "Cheese", "Aisle": "Dairy & Eggs", "Sku": "21290364_EA", "Regular Price": "7.49", "Sale Price": "4.44", "Image": "https://assets.shop.loblaws.ca/products/21290364/b1/en/front/21290364_front_a01_@2.png", "Brand": "P'tit Qu\u00e9bec", "Url": "https://www.maxi.ca/cheddar-blanc/p/21290364_EA", "Sub Category": null, "English Name": "Cheddar Blanc", "Size": "400 g", "Size Label": "ea"}, {"Category": "Cheese", "Aisle": "Dairy & Eggs", "Sku": "21047867_EA", "Regular Price": "None", "Sale Price": "3.00", "Image": "https://assets.shop.loblaws.ca/products/21047867/b1/en/front/21047867_front_a01_@2.png", "Brand": "No Name", "Url": "https://www.maxi.ca/cream-cheese-product-with-jalape-o/p/21047867_EA", "Sub Category": null, "English Name": "Cream Cheese Product With Jalape\u00f1o ", "Size": "227 g", "Size Label": "ea"}, {"Category": "Cheese", "Aisle": "Dairy & Eggs", "Sku": "21290201_EA", "Regular Price": "7.49", "Sale Price": "4.44", "Image": "https://assets.shop.loblaws.ca/products/21290201/b1/en/front/21290201_front_a01_@2.png", "Brand": "P'tit Qu\u00e9bec", "Url": "https://www.maxi.ca/cheddar-blanc-tres-doux/p/21290201_EA", "Sub Category": null, "English Name": "Cheddar Blanc Tres Doux", "Size": "400 g", "Size Label": "ea"}, {"Category": "Cheese", "Aisle": "Dairy & Eggs", "Sku": "21083826_EA", "Regular Price": "None", "Sale Price": "5.99", "Image": "https://assets.shop.loblaws.ca/products/21083826/b1/en/front/21083826_front_a01_@2.png", "Brand": "Philadelphia", "Url": "https://www.maxi.ca/smoked-salmon-cream-cheese-product/p/21083826_EA", "Sub Category": null, "English Name": "Smoked Salmon Cream Cheese Product", "Size": "340 g", "Size Label": "ea"}, {"Category": "Cheese", "Aisle": "Dairy & Eggs", "Sku": "21529152_EA", "Regular Price": "None", "Sale Price": "9.99", "Image": "https://assets.shop.loblaws.ca/products/21529152/b1/en/front/21529152_front_a01_@2.png", "Brand": "Kraft", "Url": "https://www.maxi.ca/shredded-cheese-parmesan-27-m-f/p/21529152_EA", "Sub Category": null, "English Name": "Shredded Cheese Parmesan 27% M.F.", "Size": "0.2 kg", "Size Label": "ea"}, {"Category": "Cheese", "Aisle": "Dairy & Eggs", "Sku": "21290210_EA", "Regular Price": "7.49", "Sale Price": "4.44", "Image": "https://assets.shop.loblaws.ca/products/21290210/b1/en/front/21290210_front_a01_@2.png", "Brand": "P'tit Qu\u00e9bec", "Url": "https://www.maxi.ca/marble-cheddar/p/21290210_EA", "Sub Category": null, "English Name": "Marble Cheddar", "Size": "400 g", "Size Label": "ea"}, {"Category": "Cheese", "Aisle": "Dairy & Eggs", "Sku": "21406181_EA", "Regular Price": "None", "Sale Price": "5.29", "Image": "https://assets.shop.loblaws.ca/products/21406181/b1/en/front/21406181_front_a01_@2.png", "Brand": "President's Choice", "Url": "https://www.maxi.ca/monterey-jack-sliced-cheese/p/21406181_EA", "Sub Category": null, "English Name": "Monterey Jack Sliced Cheese", "Size": "210 g", "Size Label": "ea"}, {"Category": "Cheese", "Aisle": "Dairy & Eggs", "Sku": "21290370_EA", "Regular Price": "None", "Sale Price": "7.99", "Image": "https://assets.shop.loblaws.ca/products/21290370/b1/en/front/21290370_front_a01_@2.png", "Brand": "Cracker Barrel", "Url": "https://www.maxi.ca/bar-medium-white-cheddar/p/21290370_EA", "Sub Category": null, "English Name": "Bar Medium White Cheddar", "Size": "400 g", "Size Label": "ea"}, {"Category": "Cheese", "Aisle": "Dairy & Eggs", "Sku": "21289776_EA", "Regular Price": "None", "Sale Price": "5.99", "Image": "https://assets.shop.loblaws.ca/products/21289776/b1/en/front/21289776_front_a01_@2.png", "Brand": "No Name", "Url": "https://www.maxi.ca/mild-white-cheddar-cheese/p/21289776_EA", "Sub Category": null, "English Name": "Mild White Cheddar Cheese", "Size": "400 g", "Size Label": "ea"}, {"Category": "Cheese", "Aisle": "Dairy & Eggs", "Sku": "21099328_EA", "Regular Price": "None", "Sale Price": "5.79", "Image": "https://assets.shop.loblaws.ca/products/21099328/b1/en/front/21099328_front_a01_@2.png", "Brand": "Tre Stelle", "Url": "https://www.maxi.ca/paneer/p/21099328_EA", "Sub Category": null, "English Name": "Paneer", "Size": "350 g", "Size Label": "ea"}, {"Category": "Cheese", "Aisle": "Dairy & Eggs", "Sku": "20867073004_EA", "Regular Price": "4.49", "Sale Price": "3.99", "Image": "https://assets.shop.loblaws.ca/products/20867073004/b1/en/front/20867073004_front_a01_@2.png", "Brand": "Philadelphia", "Url": "https://www.maxi.ca/strawberry-cream-cheese-product/p/20867073004_EA", "Sub Category": null, "English Name": "Strawberry Cream Cheese Product", "Size": "227 g", "Size Label": "ea"}, {"Category": "Cheese", "Aisle": "Dairy & Eggs", "Sku": "20742372_EA", "Regular Price": "None", "Sale Price": "4.99", "Image": "https://assets.shop.loblaws.ca/products/20742372/b1/en/front/20742372_front_a01_@2.png", "Brand": "No Name", "Url": "https://www.maxi.ca/mozzarella-100-real-cheese-slices/p/20742372_EA", "Sub Category": null, "English Name": "Mozzarella 100% Real Cheese Slices ", "Size": "230 g", "Size Label": "ea"}, {"Category": "Cheese", "Aisle": "Dairy & Eggs", "Sku": "21505153_EA", "Regular Price": "None", "Sale Price": "3.99", "Image": "https://assets.shop.loblaws.ca/products/21505153/b1/en/front/21505153_front_a01_@2.png", "Brand": "Heluva", "Url": "https://www.maxi.ca/sour-cream-dip-nacho-queso-supreme/p/21505153_EA", "Sub Category": null, "English Name": "Sour Cream Dip Nacho Queso Supreme", "Size": "250 g", "Size Label": "ea"}, {"Category": "Cheese", "Aisle": "Dairy & Eggs", "Sku": "21314936_EA", "Regular Price": "None", "Sale Price": "6.29", "Image": "https://assets.shop.loblaws.ca/products/21314936/b1/en/front/21314936_front_a01_@2.png", "Brand": "Philadelphia", "Url": "https://www.maxi.ca/original-cream-cheese-lactose-free/p/21314936_EA", "Sub Category": null, "English Name": "Original Cream Cheese, Lactose Free", "Size": "250 g", "Size Label": "ea"}, {"Category": "Cheese", "Aisle": "Dairy & Eggs", "Sku": "20769381_EA", "Regular Price": "None", "Sale Price": "8.79", "Image": "https://assets.shop.loblaws.ca/products/20769381/b1/en/front/20769381_front_a01_@2.png", "Brand": "MacLarens", "Url": "https://www.maxi.ca/cheese-spread/p/20769381_EA", "Sub Category": null, "English Name": "Cheese Spread", "Size": "230 g", "Size Label": "ea"}, {"Category": "Cheese", "Aisle": "Dairy & Eggs", "Sku": "21289774_EA", "Regular Price": "None", "Sale Price": "5.99", "Image": "https://assets.shop.loblaws.ca/products/21289774/b1/en/front/21289774_front_a01_@2.png", "Brand": "No Name", "Url": "https://www.maxi.ca/old-white-cheddar-cheese/p/21289774_EA", "Sub Category": null, "English Name": "Old White Cheddar Cheese", "Size": "400 g", "Size Label": "ea"}, {"Category": "Cheese", "Aisle": "Dairy & Eggs", "Sku": "21060199_EA", "Regular Price": "None", "Sale Price": "6.79", "Image": "https://assets.shop.loblaws.ca/products/21060199/b1/en/front/21060199_front_a01_@2.png", "Brand": "President's Choice", "Url": "https://www.maxi.ca/mac-cheese-shredded-cheese-blend/p/21060199_EA", "Sub Category": null, "English Name": "Mac & Cheese Shredded Cheese Blend", "Size": "320 g", "Size Label": "ea"}, {"Category": "Cheese", "Aisle": "Dairy & Eggs", "Sku": "20764568_EA", "Regular Price": "None", "Sale Price": "10.99", "Image": "https://assets.shop.loblaws.ca/products/20764568/b1/en/front/20764568_front_a01_@2.png", "Brand": "No Name", "Url": "https://www.maxi.ca/cheese-sticks-stringable-marble/p/20764568_EA", "Sub Category": null, "English Name": "Cheese Sticks Stringable Marble", "Size": "588 g", "Size Label": "ea"}, {"Category": "Cheese", "Aisle": "Dairy & Eggs", "Sku": "21203935_EA", "Regular Price": "None", "Sale Price": "3.19", "Image": "https://assets.shop.loblaws.ca/products/21203935/b1/en/front/21203935_front_a01_@2.png", "Brand": "President's Choice", "Url": "https://www.maxi.ca/plant-based-coconut-cream-cheese-style-spread/p/21203935_EA", "Sub Category": null, "English Name": "Plant Based Coconut Cream Cheese-Style Spread", "Size": "227 g", "Size Label": "ea"}, {"Category": "Cheese", "Aisle": "Dairy & Eggs", "Sku": "20911023_EA", "Regular Price": "None", "Sale Price": "4.29", "Image": "https://assets.shop.loblaws.ca/products/20911023/b1/en/front/20911023_front_a01_@2.png", "Brand": "No Name", "Url": "https://www.maxi.ca/original-cream-cheese-spread/p/20911023_EA", "Sub Category": null, "English Name": "Original Cream Cheese Spread ", "Size": "340 g", "Size Label": "ea"}, {"Category": "Cheese", "Aisle": "Dairy & Eggs", "Sku": "21290213_EA", "Regular Price": "7.49", "Sale Price": "4.44", "Image": "https://assets.shop.loblaws.ca/products/21290213/b1/en/front/21290213_front_a01_@2.png", "Brand": "P'tit Qu\u00e9bec", "Url": "https://www.maxi.ca/mozzarella/p/21290213_EA", "Sub Category": null, "English Name": "Mozzarella", "Size": "400 g", "Size Label": "ea"}, {"Category": "Cheese", "Aisle": "Dairy & Eggs", "Sku": "21339324_EA", "Regular Price": "7.29", "Sale Price": "4.99", "Image": "https://assets.shop.loblaws.ca/products/21339324/b1/en/front/21339324_front_a01_@2.png", "Brand": "Violife", "Url": "https://www.maxi.ca/cheddar-style-shreds/p/21339324_EA", "Sub Category": null, "English Name": "Cheddar Style Shreds", "Size": "227 g", "Size Label": "ea"}, {"Category": "Cheese", "Aisle": "Dairy & Eggs", "Sku": "20866929003_EA", "Regular Price": "None", "Sale Price": "5.99", "Image": "https://assets.shop.loblaws.ca/products/20866929003/b1/en/front/20866929003_front_a01_@2.png", "Brand": "Philadelphia", "Url": "https://www.maxi.ca/original-light-cream-cheese-product/p/20866929003_EA", "Sub Category": null, "English Name": "Original Light Cream Cheese Product", "Size": "340 g", "Size Label": "ea"}, {"Category": "Cheese", "Aisle": "Dairy & Eggs", "Sku": "21060319_EA", "Regular Price": "None", "Sale Price": "5.79", "Image": "https://assets.shop.loblaws.ca/products/21060319/b1/en/front/21060319_front_a01_@2.png", "Brand": "No Name", "Url": "https://www.maxi.ca/shredded-part-skimmed-mozzarella/p/21060319_EA", "Sub Category": null, "English Name": "Shredded Part Skimmed Mozzarella", "Size": "320 g", "Size Label": "ea"}, {"Category": "Cheese", "Aisle": "Dairy & Eggs", "Sku": "21184727_EA", "Regular Price": "None", "Sale Price": "3.99", "Image": "https://assets.shop.loblaws.ca/products/21184727/b1/en/front/21184727_front_a01_@2.png", "Brand": "President's Choice", "Url": "https://www.maxi.ca/lactose-free-plain-cream-cheese/p/21184727_EA", "Sub Category": null, "English Name": "Lactose Free Plain Cream Cheese ", "Size": "250 g", "Size Label": "ea"}, {"Category": "Cheese", "Aisle": "Dairy & Eggs", "Sku": "21406184_EA", "Regular Price": "None", "Sale Price": "5.29", "Image": "https://assets.shop.loblaws.ca/products/21406184/b1/en/front/21406184_front_a01_@2.png", "Brand": "President's Choice", "Url": "https://www.maxi.ca/gouda-sliced-cheese/p/21406184_EA", "Sub Category": null, "English Name": "Gouda Sliced Cheese", "Size": "210 g", "Size Label": "ea"}, {"Category": "Cheese", "Aisle": "Dairy & Eggs", "Sku": "20866924008_EA", "Regular Price": "4.49", "Sale Price": "3.99", "Image": "https://assets.shop.loblaws.ca/products/20866924008/b1/en/front/20866924008_front_a01_@2.png", "Brand": "Philadelphia", "Url": "https://www.maxi.ca/low-fat-cream-cheese/p/20866924008_EA", "Sub Category": null, "English Name": "Low Fat Cream Cheese", "Size": "227 g", "Size Label": "ea"}, {"Category": "Cheese", "Aisle": "Dairy & Eggs", "Sku": "20759241002_EA", "Regular Price": "None", "Sale Price": "7.99", "Image": "https://assets.shop.loblaws.ca/products/20759241002/b1/en/front/20759241002_front_a01_@2.png", "Brand": "Saputo", "Url": "https://www.maxi.ca/mozzarellissima/p/20759241002_EA", "Sub Category": null, "English Name": "Mozzarellissima", "Size": "500 g", "Size Label": "ea"}, {"Category": "Cheese", "Aisle": "Dairy & Eggs", "Sku": "21339312_EA", "Regular Price": "7.29", "Sale Price": "4.99", "Image": "https://assets.shop.loblaws.ca/products/21339312/b1/en/front/21339312_front_a01_@2.png", "Brand": "Violife", "Url": "https://www.maxi.ca/mozzarella-style-shreds/p/21339312_EA", "Sub Category": null, "English Name": "Mozzarella Style Shreds", "Size": "227 g", "Size Label": "ea"}, {"Category": "Cheese", "Aisle": "Dairy & Eggs", "Sku": "20044150001_EA", "Regular Price": "None", "Sale Price": "2.89", "Image": "https://assets.shop.loblaws.ca/products/20044150001/b1/en/front/20044150001_front_a01_@2.png", "Brand": "Sealtest", "Url": "https://www.maxi.ca/1-cottage-cheese/p/20044150001_EA", "Sub Category": null, "English Name": "1% Cottage Cheese", "Size": "250 g", "Size Label": "ea"}, {"Category": "Cheese", "Aisle": "Dairy & Eggs", "Sku": "21448210_EA", "Regular Price": "None", "Sale Price": "7.79", "Image": "https://assets.shop.loblaws.ca/products/21448210/b1/en/front/21448210_front_a01_@2.png", "Brand": "Black Diamond", "Url": "https://www.maxi.ca/lactose-free-mozzarella-cheese/p/21448210_EA", "Sub Category": null, "English Name": "Lactose-free Mozzarella Cheese", "Size": "300 g", "Size Label": "ea"}, {"Category": "Cheese", "Aisle": "Dairy & Eggs", "Sku": "21314933_EA", "Regular Price": "None", "Sale Price": "6.29", "Image": "https://assets.shop.loblaws.ca/products/21314933/b1/en/front/21314933_front_a01_@2.png", "Brand": "Philadelphia", "Url": "https://www.maxi.ca/original-cream-cheese/p/21314933_EA", "Sub Category": null, "English Name": "Original Cream Cheese", "Size": "227 g", "Size Label": "ea"}, {"Category": "Cheese", "Aisle": "Dairy & Eggs", "Sku": "21200683_EA", "Regular Price": "None", "Sale Price": "14.99", "Image": "https://assets.shop.loblaws.ca/products/21200683/b1/en/front/21200683_front_a01_@2.png", "Brand": "No Name", "Url": "https://www.maxi.ca/shredded-marble-farmer-s-cheese/p/21200683_EA", "Sub Category": null, "English Name": "Shredded Marble Farmer's Cheese", "Size": "900 g", "Size Label": "ea"}, {"Category": "Cheese", "Aisle": "Dairy & Eggs", "Sku": "21529164_EA", "Regular Price": "None", "Sale Price": "7.79", "Image": "https://assets.shop.loblaws.ca/products/21529164/b1/en/front/21529164_front_a01_@2.png", "Brand": "Kraft", "Url": "https://www.maxi.ca/shaved-cheese-100-parmesan-27-m-f/p/21529164_EA", "Sub Category": null, "English Name": "Shaved Cheese 100% Parmesan 27% M.F.", "Size": "0.141 kg", "Size Label": "ea"}, {"Category": "Cheese", "Aisle": "Dairy & Eggs", "Sku": "21023058_EA", "Regular Price": "None", "Sale Price": "7.99", "Image": "https://assets.shop.loblaws.ca/products/21023058/b1/en/front/21023058_front_a01_@2.png", "Brand": "Saputo", "Url": "https://www.maxi.ca/mozzarellissima/p/21023058_EA", "Sub Category": null, "English Name": "Mozzarellissima", "Size": "500 g", "Size Label": "ea"}, {"Category": "Cheese", "Aisle": "Dairy & Eggs", "Sku": "21290366_EA", "Regular Price": "7.49", "Sale Price": "4.44", "Image": "https://assets.shop.loblaws.ca/products/21290366/b1/en/front/21290366_front_a01_@2.png", "Brand": "P'tit Qu\u00e9bec", "Url": "https://www.maxi.ca/cheddar-blanc-mi-fort/p/21290366_EA", "Sub Category": null, "English Name": "Cheddar Blanc Mi Fort", "Size": "400 g", "Size Label": "ea"}, {"Category": "Cheese", "Aisle": "Dairy & Eggs", "Sku": "21290435_EA", "Regular Price": "7.49", "Sale Price": "4.44", "Image": "https://assets.shop.loblaws.ca/products/21290435/b1/en/front/21290435_front_a01_@2.png", "Brand": "P'tit Qu\u00e9bec", "Url": "https://www.maxi.ca/brick-cheese-30-m-f/p/21290435_EA", "Sub Category": null, "English Name": "Brick Cheese 30 % M.F.", "Size": "400 g", "Size Label": "ea"}, {"Category": "Cheese", "Aisle": "Dairy & Eggs", "Sku": "21082488_EA", "Regular Price": "None", "Sale Price": "6.79", "Image": "https://assets.shop.loblaws.ca/products/21082488/b1/en/front/21082488_front_a01_@2.png", "Brand": "President's Choice", "Url": "https://www.maxi.ca/lactose-free-pizza-mozzarella-shredded-cheese/p/21082488_EA", "Sub Category": null, "English Name": "Lactose Free Pizza Mozzarella Shredded Cheese", "Size": "320 g", "Size Label": "ea"}, {"Category": "Cheese", "Aisle": "Dairy & Eggs", "Sku": "21537373_EA", "Regular Price": "None", "Sale Price": "7.29", "Image": "https://assets.shop.loblaws.ca/products/21537373/b1/en/front/21537373_front_a01_@2.png", "Brand": "Black Diamond", "Url": "https://www.maxi.ca/natural-cheese-sticks-lactose-free-marble-cheddar/p/21537373_EA", "Sub Category": null, "English Name": "Natural Cheese Sticks Lactose Free Marble Cheddar Cheese 34% M.F.", "Size": "189 g", "Size Label": "ea"}, {"Category": "Cheese", "Aisle": "Dairy & Eggs", "Sku": "21278720_EA", "Regular Price": "None", "Sale Price": "4.69", "Image": "https://assets.shop.loblaws.ca/products/21278720/b1/en/front/21278720_front_a01_@2.png", "Brand": "Black Diamond", "Url": "https://www.maxi.ca/thin-slice-fat-free-cheese/p/21278720_EA", "Sub Category": null, "English Name": "Thin Slice Fat Free Cheese", "Size": "410 g", "Size Label": "ea"}, {"Category": "Cheese", "Aisle": "Dairy & Eggs", "Sku": "20076573_EA", "Regular Price": "None", "Sale Price": "7.49", "Image": "https://assets.shop.loblaws.ca/products/20076573/b1/en/front/20076573_front_a01_@2.png", "Brand": "Kraft", "Url": "https://www.maxi.ca/velveeta-processed-cheese-loaf/p/20076573_EA", "Sub Category": null, "English Name": "Velveeta Processed Cheese Loaf", "Size": "450 g", "Size Label": "ea"}, {"Category": "Cheese", "Aisle": "Dairy & Eggs", "Sku": "21289708_EA", "Regular Price": "None", "Sale Price": "6.79", "Image": "https://assets.shop.loblaws.ca/products/21289708/b1/en/front/21289708_front_a01_@2.png", "Brand": "President's Choice", "Url": "https://www.maxi.ca/gouda-cheese/p/21289708_EA", "Sub Category": null, "English Name": "Gouda Cheese", "Size": "400 g", "Size Label": "ea"}, {"Category": "Cheese", "Aisle": "Dairy & Eggs", "Sku": "21506704_EA", "Regular Price": "3.24", "Sale Price": "2.94", "Image": "https://assets.shop.loblaws.ca/products/21506704/b1/en/front/21506704_front_a01_@2.png", "Brand": "President's Choice", "Url": "https://www.maxi.ca/lactose-free-old-cheddar-cheese-slices/p/21506704_EA", "Sub Category": null, "English Name": "Lactose Free Old Cheddar Cheese Slices", "Size": "210 g", "Size Label": "ea"}, {"Category": "Cheese", "Aisle": "Dairy & Eggs", "Sku": "21289713_EA", "Regular Price": "None", "Sale Price": "5.99", "Image": "https://assets.shop.loblaws.ca/products/21289713/b1/en/front/21289713_front_a01_@2.png", "Brand": "No Name", "Url": "https://www.maxi.ca/cheddar-light-mild-white/p/21289713_EA", "Sub Category": null, "English Name": "Cheddar Light Mild White", "Size": "400 g", "Size Label": "ea"}, {"Category": "Cheese", "Aisle": "Dairy & Eggs", "Sku": "21289734_EA", "Regular Price": "None", "Sale Price": "5.99", "Image": "https://assets.shop.loblaws.ca/products/21289734/b1/en/front/21289734_front_a01_@2.png", "Brand": "No Name", "Url": "https://www.maxi.ca/marble-cheddar-cheese-light/p/21289734_EA", "Sub Category": null, "English Name": "Marble Cheddar Cheese Light", "Size": "400 g", "Size Label": "ea"}, {"Category": "Cheese", "Aisle": "Dairy & Eggs", "Sku": "21290274_EA", "Regular Price": "None", "Sale Price": "7.99", "Image": "https://assets.shop.loblaws.ca/products/21290274/b1/en/front/21290274_front_a01_@2.png", "Brand": "Cracker Barrel", "Url": "https://www.maxi.ca/bar-old-white-cheddar/p/21290274_EA", "Sub Category": null, "English Name": "Bar Old White Cheddar", "Size": "400 g", "Size Label": "ea"}, {"Category": "Cheese", "Aisle": "Dairy & Eggs", "Sku": "21333195_EA", "Regular Price": "None", "Sale Price": "6.79", "Image": "https://assets.shop.loblaws.ca/products/21333195/b1/en/front/21333195_front_a01_@2.png", "Brand": "P'tit Qu\u00e9bec", "Url": "https://www.maxi.ca/31-m-f-poutine-cheese-curds/p/21333195_EA", "Sub Category": null, "English Name": "31 % M.F. Poutine Cheese Curds", "Size": "200 g", "Size Label": "ea"}, {"Category": "Cheese", "Aisle": "Dairy & Eggs", "Sku": "20107017001_EA", "Regular Price": "None", "Sale Price": "12.49", "Image": "https://assets.shop.loblaws.ca/products/20107017001/b1/en/front/20107017001_front_a01_@2.png", "Brand": "Saputo", "Url": "https://www.maxi.ca/mozzarellissima-20-690g/p/20107017001_EA", "Sub Category": null, "English Name": "Mozzarellissima 20% 690g ", "Size": "690 g", "Size Label": "ea"}, {"Category": "Cheese", "Aisle": "Dairy & Eggs", "Sku": "20329874_EA", "Regular Price": "None", "Sale Price": "3.49", "Image": "https://assets.shop.loblaws.ca/products/20329874/b1/en/front/20329874_front_a01_@2.png", "Brand": "No Name", "Url": "https://www.maxi.ca/pizza-mozzarella-cheese/p/20329874_EA", "Sub Category": null, "English Name": "Pizza Mozzarella Cheese", "Size": "200 g", "Size Label": "ea"}, {"Category": "Cheese", "Aisle": "Dairy & Eggs", "Sku": "21279752_EA", "Regular Price": "None", "Sale Price": "4.29", "Image": "https://assets.shop.loblaws.ca/products/21279752/b1/en/front/21279752_front_a01_@2.png", "Brand": "No Name", "Url": "https://www.maxi.ca/swiss-flavour-processed-cheese-product-slices/p/21279752_EA", "Sub Category": null, "English Name": "Swiss Flavour Processed Cheese Product Slices", "Size": "400 g", "Size Label": "ea"}, {"Category": "Cheese", "Aisle": "Dairy & Eggs", "Sku": "20183991001_EA", "Regular Price": "None", "Sale Price": "4.00", "Image": "https://assets.shop.loblaws.ca/products/20183991001/b1/en/front/20183991001_front_a01_@2.png", "Brand": "No Name", "Url": "https://www.maxi.ca/1-m-f-light-cottage-cheese/p/20183991001_EA", "Sub Category": null, "English Name": "1% M.F. Light Cottage Cheese", "Size": "500 g", "Size Label": "ea"}, {"Category": "Sour Cream & Dips", "Aisle": "Dairy & Eggs", "Sku": "20299657_EA", "Regular Price": "3.00", "Sale Price": "2.49", "Image": "https://assets.shop.loblaws.ca/products/20299657/b1/en/front/20299657_front_a01_@2.png", "Brand": "No Name", "Url": "https://www.maxi.ca/sour-cream-14/p/20299657_EA", "Sub Category": null, "English Name": "Sour Cream 14%", "Size": "500 ml", "Size Label": "ea"}, {"Category": "Sour Cream & Dips", "Aisle": "Dairy & Eggs", "Sku": "20322987_EA", "Regular Price": "3.00", "Sale Price": "2.49", "Image": "https://assets.shop.loblaws.ca/products/20322987/b1/en/front/20322987_front_a01_@2.png", "Brand": "No Name", "Url": "https://www.maxi.ca/5-m-f-light-sour-cream/p/20322987_EA", "Sub Category": null, "English Name": "5% M.F. Light Sour Cream", "Size": "500 ml", "Size Label": "ea"}, {"Category": "Sour Cream & Dips", "Aisle": "Dairy & Eggs", "Sku": "20000476001_EA", "Regular Price": "2.49", "Sale Price": "2.00", "Image": "https://assets.shop.loblaws.ca/products/20000476001/b1/en/front/20000476001_front_a01_@2.png", "Brand": "No Name", "Url": "https://www.maxi.ca/14-m-f-regular-sour-cream/p/20000476001_EA", "Sub Category": null, "English Name": "14% M.F. Regular Sour Cream", "Size": "250 ml", "Size Label": "ea"}, {"Category": "Sour Cream & Dips", "Aisle": "Dairy & Eggs", "Sku": "20659606001_EA", "Regular Price": "5.99", "Sale Price": "3.99", "Image": "https://assets.shop.loblaws.ca/products/20659606001/b1/en/front/20659606001_front_a01_@2.png", "Brand": "Kraft", "Url": "https://www.maxi.ca/cheez-whiz-cheese-spread/p/20659606001_EA", "Sub Category": null, "English Name": "Cheez Whiz Cheese Spread", "Size": "450 g", "Size Label": "ea"}, {"Category": "Sour Cream & Dips", "Aisle": "Dairy & Eggs", "Sku": "20312788001_EA", "Regular Price": "None", "Sale Price": "7.99", "Image": "https://assets.shop.loblaws.ca/products/20312788001/b1/en/front/20312788001_front_a01_@2.png", "Brand": "Heluva", "Url": "https://www.maxi.ca/sour-cream-dip-french-onion/p/20312788001_EA", "Sub Category": null, "English Name": "Sour Cream Dip, French Onion", "Size": "680 g", "Size Label": "ea"}, {"Category": "Sour Cream & Dips", "Aisle": "Dairy & Eggs", "Sku": "20179979002_EA", "Regular Price": "None", "Sale Price": "2.89", "Image": "https://assets.shop.loblaws.ca/products/20179979002/b1/en/front/20179979002_front_a01_@2.png", "Brand": "Heluva", "Url": "https://www.maxi.ca/sour-cream-dip-french-onion/p/20179979002_EA", "Sub Category": null, "English Name": "Sour Cream Dip, French Onion", "Size": "250 g", "Size Label": "ea"}, {"Category": "Sour Cream & Dips", "Aisle": "Dairy & Eggs", "Sku": "20304664_EA", "Regular Price": "2.49", "Sale Price": "2.00", "Image": "https://assets.shop.loblaws.ca/products/20304664/b1/en/front/20304664_front_a01_@2.png", "Brand": "No Name", "Url": "https://www.maxi.ca/light-5-m-f-sour-cream/p/20304664_EA", "Sub Category": null, "English Name": "Light 5% M.F. Sour Cream ", "Size": "250 ml", "Size Label": "ea"}, {"Category": "Sour Cream & Dips", "Aisle": "Dairy & Eggs", "Sku": "20987150_EA", "Regular Price": "None", "Sale Price": "3.49", "Image": "https://assets.shop.loblaws.ca/products/20987150/b1/en/front/20987150_front_a01_@2.png", "Brand": "President's Choice", "Url": "https://www.maxi.ca/lactose-free-14-m-f-sour-cream/p/20987150_EA", "Sub Category": null, "English Name": "Lactose Free 14% M.F. Sour Cream", "Size": "500 ml", "Size Label": "ea"}, {"Category": "Sour Cream & Dips", "Aisle": "Dairy & Eggs", "Sku": "20085165_EA", "Regular Price": "3.00", "Sale Price": "2.49", "Image": "https://assets.shop.loblaws.ca/products/20085165/b1/en/front/20085165_front_a01_@2.png", "Brand": "No Name", "Url": "https://www.maxi.ca/1-m-f-fat-free-sour-cream/p/20085165_EA", "Sub Category": null, "English Name": "1% M.F. Fat Free Sour Cream ", "Size": "500 ml", "Size Label": "ea"}, {"Category": "Sour Cream & Dips", "Aisle": "Dairy & Eggs", "Sku": "20299760001_EA", "Regular Price": "4.99", "Sale Price": "3.99", "Image": "https://assets.shop.loblaws.ca/products/20299760001/b1/en/front/20299760001_front_a01_@2.png", "Brand": "Philadelphia", "Url": "https://www.maxi.ca/onion-dip/p/20299760001_EA", "Sub Category": null, "English Name": "Onion Dip", "Size": "227 g", "Size Label": "ea"}, {"Category": "Sour Cream & Dips", "Aisle": "Dairy & Eggs", "Sku": "21369455_EA", "Regular Price": "None", "Sale Price": "3.29", "Image": "https://assets.shop.loblaws.ca/products/21369455/b1/en/front/21369455_front_a01_@2.png", "Brand": "President's Choice", "Url": "https://www.maxi.ca/plant-based-sour-cream-alternative/p/21369455_EA", "Sub Category": null, "English Name": "Plant Based Sour Cream Alternative", "Size": "340 ml", "Size Label": "ea"}, {"Category": "Sour Cream & Dips", "Aisle": "Dairy & Eggs", "Sku": "20040338001_EA", "Regular Price": "None", "Sale Price": "3.99", "Image": "https://assets.shop.loblaws.ca/products/20040338001/b1/en/front/20040338001_front_a01_@2.png", "Brand": "Beatrice", "Url": "https://www.maxi.ca/sour-cream-regular-14/p/20040338001_EA", "Sub Category": null, "English Name": "Sour Cream, Regular 14%", "Size": "500 ml", "Size Label": "ea"}, {"Category": "Sour Cream & Dips", "Aisle": "Dairy & Eggs", "Sku": "20866839001_EA", "Regular Price": "None", "Sale Price": "6.99", "Image": "https://assets.shop.loblaws.ca/products/20866839001/b1/en/front/20866839001_front_a01_@2.png", "Brand": "Philadelphia", "Url": "https://www.maxi.ca/onion-dip/p/20866839001_EA", "Sub Category": null, "English Name": "Onion Dip", "Size": "340 g", "Size Label": "ea"}, {"Category": "Sour Cream & Dips", "Aisle": "Dairy & Eggs", "Sku": "20745040_EA", "Regular Price": "4.99", "Sale Price": "3.99", "Image": "https://assets.shop.loblaws.ca/products/20745040/b1/en/front/20745040_front_a01_@2.png", "Brand": "Philadelphia", "Url": "https://www.maxi.ca/french-onion-dip/p/20745040_EA", "Sub Category": null, "English Name": "French Onion Dip", "Size": "227 g", "Size Label": "ea"}, {"Category": "Sour Cream & Dips", "Aisle": "Dairy & Eggs", "Sku": "20312308002_EA", "Regular Price": "4.49", "Sale Price": "2.89", "Image": "https://assets.shop.loblaws.ca/products/20312308002/b1/en/front/20312308002_front_a01_@2.png", "Brand": "Sealtest", "Url": "https://www.maxi.ca/14-sour-cream/p/20312308002_EA", "Sub Category": null, "English Name": "14% Sour Cream", "Size": "500 ml", "Size Label": "ea"}, {"Category": "Sour Cream & Dips", "Aisle": "Dairy & Eggs", "Sku": "20299760004_EA", "Regular Price": "4.99", "Sale Price": "3.99", "Image": "https://assets.shop.loblaws.ca/products/20299760004/b1/en/front/20299760004_front_a01_@2.png", "Brand": "Philadelphia", "Url": "https://www.maxi.ca/herb-spice-dip/p/20299760004_EA", "Sub Category": null, "English Name": "Herb & Spice Dip", "Size": "227 g", "Size Label": "ea"}, {"Category": "Sour Cream & Dips", "Aisle": "Dairy & Eggs", "Sku": "21456014_EA", "Regular Price": "None", "Sale Price": "3.00", "Image": "https://assets.shop.loblaws.ca/products/21456014/b1/en/front/21456014_front_a01_@2.png", "Brand": "No Name", "Url": "https://www.maxi.ca/dill-pickle-sour-cream-dip/p/21456014_EA", "Sub Category": null, "English Name": "Dill Pickle Sour Cream Dip", "Size": "250 g", "Size Label": "ea"}, {"Category": "Sour Cream & Dips", "Aisle": "Dairy & Eggs", "Sku": "20113255001_EA", "Regular Price": "None", "Sale Price": "3.29", "Image": "https://assets.shop.loblaws.ca/products/20113255001/b1/en/front/20113255001_front_a01_@2.png", "Brand": "Sealtest", "Url": "https://www.maxi.ca/14-sour-cream-250-ml/p/20113255001_EA", "Sub Category": null, "English Name": "14% Sour Cream (250 Ml)", "Size": "250 ml", "Size Label": "ea"}, {"Category": "Sour Cream & Dips", "Aisle": "Dairy & Eggs", "Sku": "20312308003_EA", "Regular Price": "3.49", "Sale Price": "2.89", "Image": "https://assets.shop.loblaws.ca/products/20312308003/b1/en/front/20312308003_front_a01_@2.png", "Brand": "Sealtest", "Url": "https://www.maxi.ca/5-sour-cream-500-ml/p/20312308003_EA", "Sub Category": null, "English Name": "5% Sour Cream (500 Ml)", "Size": "500 ml", "Size Label": "ea"}, {"Category": "Sour Cream & Dips", "Aisle": "Dairy & Eggs", "Sku": "21032307_EA", "Regular Price": "None", "Sale Price": "3.59", "Image": "https://assets.shop.loblaws.ca/products/21032307/b1/en/front/21032307_front_a01_@2.png", "Brand": "President's Choice", "Url": "https://www.maxi.ca/french-onion-greek-yogurt-dip/p/21032307_EA", "Sub Category": null, "English Name": "French Onion Greek Yogurt Dip", "Size": "227 g", "Size Label": "ea"}, {"Category": "Sour Cream & Dips", "Aisle": "Dairy & Eggs", "Sku": "20312308001_EA", "Regular Price": "4.49", "Sale Price": "2.89", "Image": "https://assets.shop.loblaws.ca/products/20312308001/b1/en/front/20312308001_front_a01_@2.png", "Brand": "Sealtest", "Url": "https://www.maxi.ca/1-sour-cream-500-ml/p/20312308001_EA", "Sub Category": null, "English Name": "1% Sour Cream (500 Ml)", "Size": "500 ml", "Size Label": "ea"}, {"Category": "Sour Cream & Dips", "Aisle": "Dairy & Eggs", "Sku": "20040338002_EA", "Regular Price": "None", "Sale Price": "3.99", "Image": "https://assets.shop.loblaws.ca/products/20040338002/b1/en/front/20040338002_front_a01_@2.png", "Brand": "Beatrice", "Url": "https://www.maxi.ca/sour-cream-light-5/p/20040338002_EA", "Sub Category": null, "English Name": "Sour Cream, Light 5%", "Size": "500 ml", "Size Label": "ea"}, {"Category": "Sour Cream & Dips", "Aisle": "Dairy & Eggs", "Sku": "21455993_EA", "Regular Price": "None", "Sale Price": "3.00", "Image": "https://assets.shop.loblaws.ca/products/21455993/b1/en/front/21455993_front_a01_@2.png", "Brand": "No Name", "Url": "https://www.maxi.ca/everything-bagel-seasoning-sour-cream-dip/p/21455993_EA", "Sub Category": null, "English Name": "Everything Bagel Seasoning Sour Cream Dip", "Size": "250 g", "Size Label": "ea"}, {"Category": "Sour Cream & Dips", "Aisle": "Dairy & Eggs", "Sku": "21032266_EA", "Regular Price": "None", "Sale Price": "3.59", "Image": "https://assets.shop.loblaws.ca/products/21032266/b1/en/front/21032266_front_a01_@2.png", "Brand": "President's Choice", "Url": "https://www.maxi.ca/jalapeno-greek-yogurt-dip/p/21032266_EA", "Sub Category": null, "English Name": "Jalapeno Greek Yogurt Dip", "Size": "227 g", "Size Label": "ea"}, {"Category": "Yogurt", "Aisle": "Dairy & Eggs", "Sku": "20165226001_EA", "Regular Price": "None", "Sale Price": "3.47", "Image": "https://assets.shop.loblaws.ca/products/20165226001/b1/en/front/20165226001_front_a01_@2.png", "Brand": "Astro", "Url": "https://www.maxi.ca/original-balkan-balkan-style-yogurt/p/20165226001_EA", "Sub Category": null, "English Name": "Original Balkan Balkan Style Yogurt", "Size": "750 g", "Size Label": "ea"}, {"Category": "Yogurt", "Aisle": "Dairy & Eggs", "Sku": "20609687001_EA", "Regular Price": "None", "Sale Price": "3.33", "Image": "https://assets.shop.loblaws.ca/products/20609687001/b1/en/front/20609687001_front_a01_@2.png", "Brand": "IOGO", "Url": "https://www.maxi.ca/nano-drinkable-yogurt-strawberry-1-m-f/p/20609687001_EA", "Sub Category": null, "English Name": "Nano Drinkable Yogurt, Strawberry - 1% M.F.", "Size": "6x93.0 ml", "Size Label": "ea"}, {"Category": "Yogurt", "Aisle": "Dairy & Eggs", "Sku": "20325132003_EA", "Regular Price": "4.49", "Sale Price": "3.49", "Image": "https://assets.shop.loblaws.ca/products/20325132003/b1/en/front/20325132003_front_a01_@2.png", "Brand": "Activia", "Url": "https://www.maxi.ca/yogurt-with-probiotics-vanilla-flavour/p/20325132003_EA", "Sub Category": null, "English Name": "Yogurt With Probiotics, Vanilla Flavour", "Size": "650 g", "Size Label": "ea"}, {"Category": "Yogurt", "Aisle": "Dairy & Eggs", "Sku": "20325384002_EA", "Regular Price": "None", "Sale Price": "5.29", "Image": "https://assets.shop.loblaws.ca/products/20325384002/b1/en/front/20325384002_front_a01_@2.png", "Brand": "Activia", "Url": "https://www.maxi.ca/yogurt-with-probiotics-vanilla-flavour/p/20325384002_EA", "Sub Category": null, "English Name": "Yogurt With Probiotics, Vanilla Flavour", "Size": "8x100.0 g", "Size Label": "ea"}, {"Category": "Yogurt", "Aisle": "Dairy & Eggs", "Sku": "20642273_EA", "Regular Price": "None", "Sale Price": "7.29", "Image": "https://assets.shop.loblaws.ca/products/20642273/b1/en/front/20642273_front_a01_@2.png", "Brand": "Liberte", "Url": "https://www.maxi.ca/greek-plain-0-mf-yogurt-high-in-protein/p/20642273_EA", "Sub Category": null, "English Name": "Greek Plain 0% MF Yogurt, High in Protein", "Size": "750 g", "Size Label": "ea"}, {"Category": "Yogurt", "Aisle": "Dairy & Eggs", "Sku": "20903653_EA", "Regular Price": "None", "Sale Price": "3.33", "Image": "https://assets.shop.loblaws.ca/products/20903653/b1/en/front/20903653_front_a01_@2.png", "Brand": "IOGO", "Url": "https://www.maxi.ca/nano-yogurt-vanilla/p/20903653_EA", "Sub Category": null, "English Name": "Nano Yogurt, Vanilla", "Size": "6x93.0 ml", "Size Label": "ea"}, {"Category": "Yogurt", "Aisle": "Dairy & Eggs", "Sku": "20419715004_EA", "Regular Price": "None", "Sale Price": "4.29", "Image": "https://assets.shop.loblaws.ca/products/20419715004/b1/en/front/20419715004_front_a01_@2.png", "Brand": "Oikos", "Url": "https://www.maxi.ca/greek-yogurt-key-lime-flavour-2-m-f-blended/p/20419715004_EA", "Sub Category": null, "English Name": "Greek Yogurt, Key Lime Flavour, 2% M.F., Blended", "Size": "4x100.0 g", "Size Label": "ea"}, {"Category": "Yogurt", "Aisle": "Dairy & Eggs", "Sku": "20625055_EA", "Regular Price": "None", "Sale Price": "4.29", "Image": "https://assets.shop.loblaws.ca/products/20625055/b1/en/front/20625055_front_a01_@2.png", "Brand": "Oikos", "Url": "https://www.maxi.ca/greek-yogurt-vanilla-flavour-2-m-f-blended/p/20625055_EA", "Sub Category": null, "English Name": "Greek Yogurt, Vanilla Flavour, 2% M.F.,  Blended", "Size": "4x100.0 g", "Size Label": "ea"}, {"Category": "Yogurt", "Aisle": "Dairy & Eggs", "Sku": "20609687002_EA", "Regular Price": "None", "Sale Price": "3.33", "Image": "https://assets.shop.loblaws.ca/products/20609687002/b1/en/front/20609687002_front_a01_@2.png", "Brand": "IOGO", "Url": "https://www.maxi.ca/nano-drinkable-yogurt-raspberry/p/20609687002_EA", "Sub Category": null, "English Name": "Nano Drinkable Yogurt, Raspberry", "Size": "6x93.0 ml", "Size Label": "ea"}, {"Category": "Yogurt", "Aisle": "Dairy & Eggs", "Sku": "21042490_EA", "Regular Price": "None", "Sale Price": "3.33", "Image": "https://assets.shop.loblaws.ca/products/21042490/b1/en/front/21042490_front_a01_@2.png", "Brand": "IOGO", "Url": "https://www.maxi.ca/nano-yogurt-peach-1/p/21042490_EA", "Sub Category": null, "English Name": "Nano Yogurt, Peach 1%", "Size": "6x93.0 ml", "Size Label": "ea"}, {"Category": "Yogurt", "Aisle": "Dairy & Eggs", "Sku": "21006595_EA", "Regular Price": "None", "Sale Price": "4.29", "Image": "https://assets.shop.loblaws.ca/products/21006595/b1/en/front/21006595_front_a01_@2.png", "Brand": "Oikos", "Url": "https://www.maxi.ca/greek-yogurt-banana-flavour-blended-2-mf-4x100g/p/21006595_EA", "Sub Category": null, "English Name": "Greek Yogurt, Banana Flavour, Blended, 2% Mf, 4X100G", "Size": "4x100.0 g", "Size Label": "ea"}, {"Category": "Yogurt", "Aisle": "Dairy & Eggs", "Sku": "20609687003_EA", "Regular Price": "None", "Sale Price": "3.33", "Image": "https://assets.shop.loblaws.ca/products/20609687003/b1/en/front/20609687003_front_a01_@2.png", "Brand": "IOGO", "Url": "https://www.maxi.ca/drinkable-yogurt-banana-1-5/p/20609687003_EA", "Sub Category": null, "English Name": "Drinkable Yogurt, Banana 1.5%", "Size": "6x93.0 ml", "Size Label": "ea"}, {"Category": "Yogurt", "Aisle": "Dairy & Eggs", "Sku": "20419715001_EA", "Regular Price": "None", "Sale Price": "4.29", "Image": "https://assets.shop.loblaws.ca/products/20419715001/b1/en/front/20419715001_front_a01_@2.png", "Brand": "Oikos", "Url": "https://www.maxi.ca/greek-yogurt-strawberry-flavour-fruit-on-the-botto/p/20419715001_EA", "Sub Category": null, "English Name": "Greek Yogurt, Strawberry Flavour, Fruit On The Bottom, 2% M.F.", "Size": "4x100.0 g", "Size Label": "ea"}, {"Category": "Yogurt", "Aisle": "Dairy & Eggs", "Sku": "21478178_EA", "Regular Price": "None", "Sale Price": "1.00", "Image": "https://assets.shop.loblaws.ca/products/21478178/b1/en/front/21478178_front_a01_@2.png", "Brand": "Yoplait", "Url": "https://www.maxi.ca/yop-drinkable-yogurt-strawberry-flavour/p/21478178_EA", "Sub Category": null, "English Name": "Yop Drinkable Yogurt Strawberry Flavour ", "Size": "200 ml", "Size Label": "ea"}, {"Category": "Yogurt", "Aisle": "Dairy & Eggs", "Sku": "20704361001_EA", "Regular Price": "None", "Sale Price": "7.29", "Image": "https://assets.shop.loblaws.ca/products/20704361001/b1/en/front/20704361001_front_a01_@2.png", "Brand": "Liberte", "Url": "https://www.maxi.ca/greek-plain-2-mf-yogurt/p/20704361001_EA", "Sub Category": null, "English Name": "Greek Plain 2% MF Yogurt", "Size": "750 g", "Size Label": "ea"}, {"Category": "Yogurt", "Aisle": "Dairy & Eggs", "Sku": "21477986_EA", "Regular Price": "None", "Sale Price": "1.00", "Image": "https://assets.shop.loblaws.ca/products/21477986/b1/en/front/21477986_front_a01_@2.png", "Brand": "Yoplait", "Url": "https://www.maxi.ca/yop-drinkable-yogurt-strawberry-banana-flavour/p/21477986_EA", "Sub Category": null, "English Name": "Yop Drinkable Yogurt  Strawberry-Banana Flavour", "Size": "200 ml", "Size Label": "ea"}, {"Category": "Yogurt", "Aisle": "Dairy & Eggs", "Sku": "20609583001_EA", "Regular Price": "None", "Sale Price": "5.29", "Image": "https://assets.shop.loblaws.ca/products/20609583001/b1/en/front/20609583001_front_a01_@2.png", "Brand": "IOGO", "Url": "https://www.maxi.ca/yogurt-1-5-m-f-variety-pack-strawberry-raspberry-b/p/20609583001_EA", "Sub Category": null, "English Name": "Yogurt 1.5% M.F. Variety Pack - Strawberry,Raspberry, Blueberry & Vanilla", "Size": "16x100.0 g", "Size Label": "ea"}, {"Category": "Yogurt", "Aisle": "Dairy & Eggs", "Sku": "20303412001_EA", "Regular Price": "None", "Sale Price": "6.79", "Image": "https://assets.shop.loblaws.ca/products/20303412001/b1/en/front/20303412001_front_a01_@2.png", "Brand": "Activia", "Url": "https://www.maxi.ca/probiotic-yogurt-strawberry-blueberry-raspberry-pe/p/20303412001_EA", "Sub Category": null, "English Name": "Probiotic Yogurt, Strawberry/Blueberry/Raspberry/Peach Flavour", "Size": "12x100.0 g", "Size Label": "ea"}, {"Category": "Yogurt", "Aisle": "Dairy & Eggs", "Sku": "21518400_EA", "Regular Price": "None", "Sale Price": "6.00", "Image": "https://assets.shop.loblaws.ca/products/21518400/b1/en/front/21518400_front_a01_@2.png", "Brand": "President's Choice", "Url": "https://www.maxi.ca/0-mf-greek-yogurt-plain-club-size/p/21518400_EA", "Sub Category": null, "English Name": "0% MF Greek Yogurt, Plain, Club Size", "Size": "1 kg", "Size Label": "ea"}, {"Category": "Yogurt", "Aisle": "Dairy & Eggs", "Sku": "21219007_EA", "Regular Price": "None", "Sale Price": "3.33", "Image": "https://assets.shop.loblaws.ca/products/21219007/b1/en/front/21219007_front_a01_@2.png", "Brand": "IOGO", "Url": "https://www.maxi.ca/1-lactose-free-strawberry-banana-drinkable-yogurt/p/21219007_EA", "Sub Category": null, "English Name": "1% Lactose Free Strawberry-Banana Drinkable Yogurt", "Size": "6x93.0 ml", "Size Label": "ea"}, {"Category": "Yogurt", "Aisle": "Dairy & Eggs", "Sku": "20419715006_EA", "Regular Price": "None", "Sale Price": "4.29", "Image": "https://assets.shop.loblaws.ca/products/20419715006/b1/en/front/20419715006_front_a01_@2.png", "Brand": "Oikos", "Url": "https://www.maxi.ca/fat-free-greek-yogurt-peach-mango-flavour-fruit-on/p/20419715006_EA", "Sub Category": null, "English Name": "Fat Free Greek Yogurt, Peach-Mango Flavour, Fruit On The Bottom, 0% M.F.", "Size": "4x100.0 g", "Size Label": "ea"}, {"Category": "Yogurt", "Aisle": "Dairy & Eggs", "Sku": "21353892_EA", "Regular Price": "6.29", "Sale Price": "4.99", "Image": "https://assets.shop.loblaws.ca/products/21353892/b1/en/front/21353892_front_a01_@2.png", "Brand": "siggi's", "Url": "https://www.maxi.ca/yogurt-plain-0-m-f-icelandic-skyr-thick-yogourt/p/21353892_EA", "Sub Category": null, "English Name": "Yogurt, Plain 0% M.F. Icelandic Skyr Thick Yogourt", "Size": "750 g", "Size Label": "ea"}, {"Category": "Yogurt", "Aisle": "Dairy & Eggs", "Sku": "20419715005_EA", "Regular Price": "None", "Sale Price": "4.29", "Image": "https://assets.shop.loblaws.ca/products/20419715005/b1/en/front/20419715005_front_a01_@2.png", "Brand": "Oikos", "Url": "https://www.maxi.ca/greek-yogurt-raspberry-pomegramate-flavour-fruit-o/p/20419715005_EA", "Sub Category": null, "English Name": "Greek Yogurt, Raspberry-Pomegramate Flavour, Fruit On Bottom, 2% M.F.,", "Size": "4x100.0 g", "Size Label": "ea"}, {"Category": "Yogurt", "Aisle": "Dairy & Eggs", "Sku": "20325132001_EA", "Regular Price": "4.49", "Sale Price": "3.49", "Image": "https://assets.shop.loblaws.ca/products/20325132001/b1/en/front/20325132001_front_a01_@2.png", "Brand": "Activia", "Url": "https://www.maxi.ca/yogurt-with-probiotics-strawberry-flavour/p/20325132001_EA", "Sub Category": null, "English Name": "Yogurt With Probiotics, Strawberry Flavour", "Size": "650 g", "Size Label": "ea"}, {"Category": "Yogurt", "Aisle": "Dairy & Eggs", "Sku": "21478300_EA", "Regular Price": "None", "Sale Price": "1.00", "Image": "https://assets.shop.loblaws.ca/products/21478300/b1/en/front/21478300_front_a01_@2.png", "Brand": "Yoplait", "Url": "https://www.maxi.ca/vanilla-yogurt/p/21478300_EA", "Sub Category": null, "English Name": "Vanilla Yogurt", "Size": "200 ml", "Size Label": "ea"}, {"Category": "Yogurt", "Aisle": "Dairy & Eggs", "Sku": "20419715007_EA", "Regular Price": "None", "Sale Price": "4.29", "Image": "https://assets.shop.loblaws.ca/products/20419715007/b1/en/front/20419715007_front_a01_@2.png", "Brand": "Oikos", "Url": "https://www.maxi.ca/fat-free-greek-yogurt-cherry-flavour-fruit-on-the/p/20419715007_EA", "Sub Category": null, "English Name": "Fat Free Greek Yogurt, Cherry Flavour, Fruit On The Bottom, 0% M.F.", "Size": "4x100.0 g", "Size Label": "ea"}, {"Category": "Yogurt", "Aisle": "Dairy & Eggs", "Sku": "21481820_EA", "Regular Price": "None", "Sale Price": "10.99", "Image": "https://assets.shop.loblaws.ca/products/21481820/b1/en/front/21481820_front_a01_@2.png", "Brand": "Yoplait", "Url": "https://www.maxi.ca/drinkable-yogurt-1-m-f-assorted-flavours/p/21481820_EA", "Sub Category": null, "English Name": "Drinkable Yogurt 1% M.F. Assorted Flavours", "Size": "12x200.0 ml", "Size Label": "ea"}, {"Category": "Yogurt", "Aisle": "Dairy & Eggs", "Sku": "20325132005_EA", "Regular Price": "3.69", "Sale Price": "3.49", "Image": "https://assets.shop.loblaws.ca/products/20325132005/b1/en/front/20325132005_front_a01_@2.png", "Brand": "Activia", "Url": "https://www.maxi.ca/yogurt-with-probiotics-raspberry-flavour/p/20325132005_EA", "Sub Category": null, "English Name": "Yogurt With Probiotics, Raspberry Flavour", "Size": "650 g", "Size Label": "ea"}, {"Category": "Yogurt", "Aisle": "Dairy & Eggs", "Sku": "21520199_EA", "Regular Price": "None", "Sale Price": "6.00", "Image": "https://assets.shop.loblaws.ca/products/21520199/b1/en/front/21520199_front_a01_@2.png", "Brand": "President's Choice", "Url": "https://www.maxi.ca/plain-greek-yogurt-club-size-2-m-f/p/21520199_EA", "Sub Category": null, "English Name": "Plain Greek Yogurt Club Size 2% M.F.", "Size": "1 kg", "Size Label": "ea"}, {"Category": "Yogurt", "Aisle": "Dairy & Eggs", "Sku": "20317317001_EA", "Regular Price": "None", "Sale Price": "5.49", "Image": "https://assets.shop.loblaws.ca/products/20317317001/b1/en/front/20317317001_front_a01_@2.png", "Brand": "Yoplait", "Url": "https://www.maxi.ca/source-raspberry-fieldberry-strawberry-peach-0-mf/p/20317317001_EA", "Sub Category": null, "English Name": "Source Raspberry/Fieldberry/Strawberry/Peach  0% MF Yogurt", "Size": "16x100.0 g", "Size Label": "ea"}, {"Category": "Yogurt", "Aisle": "Dairy & Eggs", "Sku": "20608416002_EA", "Regular Price": "4.49", "Sale Price": "3.49", "Image": "https://assets.shop.loblaws.ca/products/20608416002/b1/en/front/20608416002_front_a01_@2.png", "Brand": "Activia", "Url": "https://www.maxi.ca/yogurt-with-probiotics-cherry-flavour/p/20608416002_EA", "Sub Category": null, "English Name": "Yogurt With Probiotics, Cherry Flavour", "Size": "650 g", "Size Label": "ea"}, {"Category": "Yogurt", "Aisle": "Dairy & Eggs", "Sku": "21478288_EA", "Regular Price": "None", "Sale Price": "1.00", "Image": "https://assets.shop.loblaws.ca/products/21478288/b1/en/front/21478288_front_a01_@2.png", "Brand": "Yoplait", "Url": "https://www.maxi.ca/yop-drinkable-yogurt-peach-flavour-1-m-f/p/21478288_EA", "Sub Category": null, "English Name": "Yop Drinkable Yogurt Peach Flavour 1% M.F.", "Size": "200 ml", "Size Label": "ea"}, {"Category": "Yogurt", "Aisle": "Dairy & Eggs", "Sku": "21107643_EA", "Regular Price": "4.49", "Sale Price": "3.49", "Image": "https://assets.shop.loblaws.ca/products/21107643/b1/en/front/21107643_front_a01_@2.png", "Brand": "Activia", "Url": "https://www.maxi.ca/yogurt-with-probiotics-peach-flavour-tub/p/21107643_EA", "Sub Category": null, "English Name": "Yogurt With Probiotics, Peach Flavour Tub", "Size": "650 g", "Size Label": "ea"}, {"Category": "Yogurt", "Aisle": "Dairy & Eggs", "Sku": "20170533001_EA", "Regular Price": "None", "Sale Price": "3.47", "Image": "https://assets.shop.loblaws.ca/products/20170533001/b1/en/front/20170533001_front_a01_@2.png", "Brand": "Astro", "Url": "https://www.maxi.ca/original-balkan-style-yogurt-plain-2/p/20170533001_EA", "Sub Category": null, "English Name": "Original Balkan Style Yogurt, Plain 2%", "Size": "750 g", "Size Label": "ea"}, {"Category": "Yogurt", "Aisle": "Dairy & Eggs", "Sku": "20302315001_EA", "Regular Price": "3.69", "Sale Price": "3.49", "Image": "https://assets.shop.loblaws.ca/products/20302315001/b1/en/front/20302315001_front_a01_@2.png", "Brand": "Activia", "Url": "https://www.maxi.ca/yogurt-with-probiotics-blueberry-flavour/p/20302315001_EA", "Sub Category": null, "English Name": "Yogurt With Probiotics, Blueberry Flavour", "Size": "650 g", "Size Label": "ea"}, {"Category": "Yogurt", "Aisle": "Dairy & Eggs", "Sku": "21520250_EA", "Regular Price": "None", "Sale Price": "3.99", "Image": "https://assets.shop.loblaws.ca/products/21520250/b1/en/front/21520250_front_a01_@2.png", "Brand": "Danone", "Url": "https://www.maxi.ca/danino-strawberry-banana-flavoured-paw-patrol-yogu/p/21520250_EA", "Sub Category": null, "English Name": "Danino Strawberry-Banana Flavoured Paw Patrol Yogurt Drink For Kids, 6X93", "Size": "558 ml", "Size Label": "ea"}, {"Category": "Yogurt", "Aisle": "Dairy & Eggs", "Sku": "20608416001_EA", "Regular Price": "3.69", "Sale Price": "3.49", "Image": "https://assets.shop.loblaws.ca/products/20608416001/b1/en/front/20608416001_front_a01_@2.png", "Brand": "Activia", "Url": "https://www.maxi.ca/yogurt-with-probiotics-lemon-flavour/p/20608416001_EA", "Sub Category": null, "English Name": "Yogurt With Probiotics Lemon Flavour", "Size": "650 g", "Size Label": "ea"}, {"Category": "Yogurt", "Aisle": "Dairy & Eggs", "Sku": "21547595_EA", "Regular Price": "None", "Sale Price": "3.29", "Image": "https://assets.shop.loblaws.ca/products/21547595/b1/en/front/21547595_front_a01_@2.png", "Brand": "Yoplait", "Url": "https://www.maxi.ca/tubes-zoo-strawberry/p/21547595_EA", "Sub Category": null, "English Name": "Tubes Zoo, Strawberry", "Size": "448 g", "Size Label": "ea"}, {"Category": "Yogurt", "Aisle": "Dairy & Eggs", "Sku": "21478227_EA", "Regular Price": "None", "Sale Price": "1.00", "Image": "https://assets.shop.loblaws.ca/products/21478227/b1/en/front/21478227_front_a01_@2.png", "Brand": "Yoplait", "Url": "https://www.maxi.ca/yop-drinkable-yogurt-blueberry-flavour/p/21478227_EA", "Sub Category": null, "English Name": "Yop Drinkable Yogurt Blueberry Flavour", "Size": "200 ml", "Size Label": "ea"}, {"Category": "Yogurt", "Aisle": "Dairy & Eggs", "Sku": "21478195_EA", "Regular Price": "None", "Sale Price": "1.00", "Image": "https://assets.shop.loblaws.ca/products/21478195/b1/en/front/21478195_front_a01_@2.png", "Brand": "Yoplait", "Url": "https://www.maxi.ca/yop-drinkable-yogurt-raspberrry-flavour/p/21478195_EA", "Sub Category": null, "English Name": "Yop Drinkable Yogurt Raspberrry Flavour", "Size": "200 ml", "Size Label": "ea"}, {"Category": "Yogurt", "Aisle": "Dairy & Eggs", "Sku": "21478096_EA", "Regular Price": "None", "Sale Price": "1.00", "Image": "https://assets.shop.loblaws.ca/products/21478096/b1/en/front/21478096_front_a01_@2.png", "Brand": "Yoplait", "Url": "https://www.maxi.ca/yop-drinkable-yogurt-pink-lemonade/p/21478096_EA", "Sub Category": null, "English Name": "Yop Drinkable Yogurt, Pink Lemonade", "Size": "200 ml", "Size Label": "ea"}, {"Category": "Yogurt", "Aisle": "Dairy & Eggs", "Sku": "21353874_EA", "Regular Price": "6.29", "Sale Price": "4.99", "Image": "https://assets.shop.loblaws.ca/products/21353874/b1/en/front/21353874_front_a01_@2.png", "Brand": "siggi's", "Url": "https://www.maxi.ca/vanilla-yogurt/p/21353874_EA", "Sub Category": null, "English Name": "Vanilla Yogurt", "Size": "750 g", "Size Label": "ea"}, {"Category": "Yogurt", "Aisle": "Dairy & Eggs", "Sku": "21391318001_EA", "Regular Price": "None", "Sale Price": "3.29", "Image": "https://assets.shop.loblaws.ca/products/21391318001/b1/en/front/21391318001_front_a01_@2.png", "Brand": "Yoplait", "Url": "https://www.maxi.ca/source-vanilla-yogurt-0-mf/p/21391318001_EA", "Sub Category": null, "English Name": "Source Vanilla  Yogurt 0% MF", "Size": "630 g", "Size Label": "ea"}, {"Category": "Yogurt", "Aisle": "Dairy & Eggs", "Sku": "21006634_EA", "Regular Price": "None", "Sale Price": "7.29", "Image": "https://assets.shop.loblaws.ca/products/21006634/b1/en/front/21006634_front_a01_@2.png", "Brand": "Oikos", "Url": "https://www.maxi.ca/fat-free-greek-yogurt-plain-no-added-sugar-value-t/p/21006634_EA", "Sub Category": null, "English Name": "Fat Free Greek Yogurt, Plain, No Added Sugar Value Tub", "Size": "750 g", "Size Label": "ea"}, {"Category": "Yogurt", "Aisle": "Dairy & Eggs", "Sku": "21429094_EA", "Regular Price": "3.69", "Sale Price": "3.49", "Image": "https://assets.shop.loblaws.ca/products/21429094/b1/en/front/21429094_front_a01_@2.png", "Brand": "Activia", "Url": "https://www.maxi.ca/yogurt-with-probiotics-mango-flavour-tub/p/21429094_EA", "Sub Category": null, "English Name": "Yogurt With Probiotics, Mango Flavour Tub", "Size": "650 g", "Size Label": "ea"}, {"Category": "Yogurt", "Aisle": "Dairy & Eggs", "Sku": "21217788_EA", "Regular Price": "None", "Sale Price": "6.49", "Image": "https://assets.shop.loblaws.ca/products/21217788/b1/en/front/21217788_front_a01_@2.png", "Brand": "Riviera", "Url": "https://www.maxi.ca/coconut-milk-kefir-plain/p/21217788_EA", "Sub Category": null, "English Name": "Coconut Milk Kefir - Plain  ", "Size": "946 ml", "Size Label": "ea"}, {"Category": "Yogurt", "Aisle": "Dairy & Eggs", "Sku": "21087479_EA", "Regular Price": "None", "Sale Price": "4.59", "Image": "https://assets.shop.loblaws.ca/products/21087479/b1/en/front/21087479_front_a01_@2.png", "Brand": "President's Choice", "Url": "https://www.maxi.ca/black-cherry-skyr-icelandic-style-4-m-f-yogurt/p/21087479_EA", "Sub Category": null, "English Name": "Black Cherry Skyr Icelandic Style 4% M.F. Yogurt", "Size": "500 g", "Size Label": "ea"}, {"Category": "Yogurt", "Aisle": "Dairy & Eggs", "Sku": "21349103_EA", "Regular Price": "None", "Sale Price": "1.29", "Image": "https://assets.shop.loblaws.ca/products/21349103/b1/en/front/21349103_front_a01_@2.png", "Brand": "Danone", "Url": "https://www.maxi.ca/drinkable-yogurt-peach-flavour-made-with-real-frui/p/21349103_EA", "Sub Category": null, "English Name": "Drinkable Yogurt, Peach Flavour, Made With Real Fruit, 2% M.F.", "Size": "190 ml", "Size Label": "ea"}, {"Category": "Yogurt", "Aisle": "Dairy & Eggs", "Sku": "21497492_EA", "Regular Price": "None", "Sale Price": "6.49", "Image": "https://assets.shop.loblaws.ca/products/21497492/b1/en/front/21497492_front_a01_@2.png", "Brand": "Riviera", "Url": "https://www.maxi.ca/oat-based-vegan-delight-vanilla/p/21497492_EA", "Sub Category": null, "English Name": "Oat Based Vegan Delight Vanilla", "Size": "650 g", "Size Label": "ea"}, {"Category": "Yogurt", "Aisle": "Dairy & Eggs", "Sku": "21347727_EA", "Regular Price": "None", "Sale Price": "6.99", "Image": "https://assets.shop.loblaws.ca/products/21347727/b1/en/front/21347727_front_a01_@2.png", "Brand": "President's Choice", "Url": "https://www.maxi.ca/0-m-f-vanilla-skyr-yogurt/p/21347727_EA", "Sub Category": null, "English Name": "0% M.F. Vanilla Skyr Yogurt", "Size": "908 g", "Size Label": "ea"}, {"Category": "Yogurt", "Aisle": "Dairy & Eggs", "Sku": "20996495_EA", "Regular Price": "None", "Sale Price": "6.99", "Image": "https://assets.shop.loblaws.ca/products/20996495/b1/en/front/20996495_front_a01_@2.png", "Brand": "Silk", "Url": "https://www.maxi.ca/coconut-yogurt-style-plain-unsweetened-plant-based/p/20996495_EA", "Sub Category": null, "English Name": "Coconut Yogurt Style, Plain, Unsweetened, Plant Based Dairy Free Yogurt", "Size": "680 g", "Size Label": "ea"}, {"Category": "Yogurt", "Aisle": "Dairy & Eggs", "Sku": "20774037001_EA", "Regular Price": "None", "Sale Price": "5.99", "Image": "https://assets.shop.loblaws.ca/products/20774037001/b1/en/front/20774037001_front_a01_@2.png", "Brand": "PC Organics", "Url": "https://www.maxi.ca/organic-greek-yogurt-plain/p/20774037001_EA", "Sub Category": null, "English Name": "Organic Greek Yogurt, Plain", "Size": "500 g", "Size Label": "ea"}, {"Category": "Yogurt", "Aisle": "Dairy & Eggs", "Sku": "20939815_EA", "Regular Price": "None", "Sale Price": "4.99", "Image": "https://assets.shop.loblaws.ca/products/20939815/b1/en/front/20939815_front_a01_@2.png", "Brand": "President's Choice", "Url": "https://www.maxi.ca/vanilla-kefir/p/20939815_EA", "Sub Category": null, "English Name": "Vanilla Kefir", "Size": "1000 ml", "Size Label": "ea"}, {"Category": "Yogurt", "Aisle": "Dairy & Eggs", "Sku": "20608416003_EA", "Regular Price": "3.69", "Sale Price": "3.49", "Image": "https://assets.shop.loblaws.ca/products/20608416003/b1/en/front/20608416003_front_a01_@2.png", "Brand": "Activia", "Url": "https://www.maxi.ca/probiotic-yogurt-strawberry-rhubarb-flavour/p/20608416003_EA", "Sub Category": null, "English Name": "Probiotic Yogurt, Strawberry Rhubarb Flavour", "Size": "650 g", "Size Label": "ea"}, {"Category": "Yogurt", "Aisle": "Dairy & Eggs", "Sku": "21105766_EA", "Regular Price": "None", "Sale Price": "6.49", "Image": "https://assets.shop.loblaws.ca/products/21105766/b1/en/front/21105766_front_a01_@2.png", "Brand": "PC Organics", "Url": "https://www.maxi.ca/dairy-free-coconut-milk-kefir/p/21105766_EA", "Sub Category": null, "English Name": "Dairy-Free Coconut Milk Kefir", "Size": "1000 ml", "Size Label": "ea"}, {"Category": "Yogurt", "Aisle": "Dairy & Eggs", "Sku": "21549531_EA", "Regular Price": "None", "Sale Price": "4.99", "Image": "https://assets.shop.loblaws.ca/products/21549531/b1/en/front/21549531_front_a01_@2.png", "Brand": "siggi's", "Url": "https://www.maxi.ca/high-protein-yogurt-2-banana/p/21549531_EA", "Sub Category": null, "English Name": "High Protein Yogurt 2%, Banana", "Size": "650 g", "Size Label": "ea"}, {"Category": "Yogurt", "Aisle": "Dairy & Eggs", "Sku": "21547648_EA", "Regular Price": "None", "Sale Price": "2.29", "Image": "https://assets.shop.loblaws.ca/products/21547648/b1/en/front/21547648_front_a01_@2.png", "Brand": "Activia", "Url": "https://www.maxi.ca/probiotic-smoothie-blueberry-banana/p/21547648_EA", "Sub Category": null, "English Name": "Probiotic Smoothie, Blueberry Banana", "Size": "190 ml", "Size Label": "ea"}, {"Category": "Yogurt", "Aisle": "Dairy & Eggs", "Sku": "21006885_EA", "Regular Price": "None", "Sale Price": "7.29", "Image": "https://assets.shop.loblaws.ca/products/21006885/b1/en/front/21006885_front_a01_@2.png", "Brand": "Oikos", "Url": "https://www.maxi.ca/greek-yogurt-plain-no-added-sugar-2-mf-value-tub/p/21006885_EA", "Sub Category": null, "English Name": "Greek Yogurt, Plain, No Added Sugar, 2% Mf, Value Tub", "Size": "750 g", "Size Label": "ea"}, {"Category": "Yogurt", "Aisle": "Dairy & Eggs", "Sku": "21520257_EA", "Regular Price": "None", "Sale Price": "3.99", "Image": "https://assets.shop.loblaws.ca/products/21520257/b1/en/front/21520257_front_a01_@2.png", "Brand": "Danone", "Url": "https://www.maxi.ca/danino-vanilla-flavoured-drinkable-yogurt-for-kids/p/21520257_EA", "Sub Category": null, "English Name": "Danino Vanilla Flavoured Drinkable Yogurt For Kids, 6 Bottles", "Size": "558 ml", "Size Label": "ea"}, {"Category": "Yogurt", "Aisle": "Dairy & Eggs", "Sku": "21305946_EA", "Regular Price": "None", "Sale Price": "7.29", "Image": "https://assets.shop.loblaws.ca/products/21305946/b1/en/front/21305946_front_a01_@2.png", "Brand": "Oikos", "Url": "https://www.maxi.ca/high-protein-greek-yogurt-vanilla-flavour-blended/p/21305946_EA", "Sub Category": null, "English Name": "High Protein Greek Yogurt, Vanilla Flavour, Blended, Value Tub", "Size": "650 g", "Size Label": "ea"}, {"Category": "Yogurt", "Aisle": "Dairy & Eggs", "Sku": "20946085_EA", "Regular Price": "3.69", "Sale Price": "3.49", "Image": "https://assets.shop.loblaws.ca/products/20946085/b1/en/front/20946085_front_a01_@2.png", "Brand": "Activia", "Url": "https://www.maxi.ca/yogurt-with-probiotics-lactose-free-strawberry-fla/p/20946085_EA", "Sub Category": null, "English Name": "Yogurt With Probiotics Lactose Free, Strawberry Flavour", "Size": "650 g", "Size Label": "ea"}, {"Category": "Yogurt", "Aisle": "Dairy & Eggs", "Sku": "21108459_EA", "Regular Price": "None", "Sale Price": "5.79", "Image": "https://assets.shop.loblaws.ca/products/21108459/b1/en/front/21108459_front_a01_@2.png", "Brand": "Activia", "Url": "https://www.maxi.ca/immune-system-probiotic-yogurt-drink-strawberry-dr/p/21108459_EA", "Sub Category": null, "English Name": "Immune System, Probiotic Yogurt Drink, Strawberry Drinkable Yogurt, 8 Pack", "Size": "8x93.0 ml", "Size Label": "ea"}, {"Category": "Yogurt", "Aisle": "Dairy & Eggs", "Sku": "20830628003_EA", "Regular Price": "None", "Sale Price": "3.99", "Image": "https://assets.shop.loblaws.ca/products/20830628003/b1/en/front/20830628003_front_a01_@2.png", "Brand": "President's Choice", "Url": "https://www.maxi.ca/vanilla-0-m-f-greek-yogurt/p/20830628003_EA", "Sub Category": null, "English Name": "Vanilla 0% M.F. Greek Yogurt", "Size": "4x100.0 g", "Size Label": "ea"}, {"Category": "Yogurt", "Aisle": "Dairy & Eggs", "Sku": "21547587_EA", "Regular Price": "None", "Sale Price": "3.29", "Image": "https://assets.shop.loblaws.ca/products/21547587/b1/en/front/21547587_front_a01_@2.png", "Brand": "Yoplait", "Url": "https://www.maxi.ca/tubes-yogurt-mixed-berry-flavour-1-m-f/p/21547587_EA", "Sub Category": null, "English Name": "Tubes Yogurt Mixed Berry Flavour 1% M.F.", "Size": "448 g", "Size Label": "ea"}, {"Category": "Yogurt", "Aisle": "Dairy & Eggs", "Sku": "21473562_EA", "Regular Price": "None", "Sale Price": "8.99", "Image": "https://assets.shop.loblaws.ca/products/21473562/b1/en/front/21473562_front_a01_@2.png", "Brand": "Liberte", "Url": "https://www.maxi.ca/greek-vanilla-0-lactose-free/p/21473562_EA", "Sub Category": null, "English Name": "Greek Vanilla 0% Lactose Free", "Size": "1000 g", "Size Label": "ea"}, {"Category": "Yogurt", "Aisle": "Dairy & Eggs", "Sku": "21473689_EA", "Regular Price": "None", "Sale Price": "4.99", "Image": "https://assets.shop.loblaws.ca/products/21473689/b1/en/front/21473689_front_a01_@2.png", "Brand": "Liberte", "Url": "https://www.maxi.ca/m-diterran-e-apple-pie-9-mf-yogurt/p/21473689_EA", "Sub Category": null, "English Name": "M\u00e9diterran\u00e9e Apple Pie 9%MF Yogurt", "Size": "500 g", "Size Label": "ea"}, {"Category": "Yogurt", "Aisle": "Dairy & Eggs", "Sku": "20120316001_EA", "Regular Price": "None", "Sale Price": "5.49", "Image": "https://assets.shop.loblaws.ca/products/20120316001/b1/en/front/20120316001_front_a01_@2.png", "Brand": "Yoplait", "Url": "https://www.maxi.ca/creamy-fieldberry-strawberry-cherry-peach-1-5-mf-y/p/20120316001_EA", "Sub Category": null, "English Name": "Creamy Fieldberry/Strawberry/Cherry/Peach 1.5% MF Yogurt", "Size": "16x100.0 g", "Size Label": "ea"}, {"Category": "Yogurt", "Aisle": "Dairy & Eggs", "Sku": "21193642_EA", "Regular Price": "None", "Sale Price": "3.99", "Image": "https://assets.shop.loblaws.ca/products/21193642/b1/en/front/21193642_front_a01_@2.png", "Brand": "Liberte", "Url": "https://www.maxi.ca/classique-strawberry-2-9/p/21193642_EA", "Sub Category": null, "English Name": "Classique Strawberry 2.9%%", "Size": "650 g", "Size Label": "ea"}, {"Category": "Yogurt", "Aisle": "Dairy & Eggs", "Sku": "20640892_EA", "Regular Price": "None", "Sale Price": "6.79", "Image": "https://assets.shop.loblaws.ca/products/20640892/b1/en/front/20640892_front_a01_@2.png", "Brand": "Activia", "Url": "https://www.maxi.ca/probiotics-yogurt-yellow-apple-apricot-mango-peach/p/20640892_EA", "Sub Category": null, "English Name": "Probiotics Yogurt, Yellow Apple/Apricot/Mango/Peach", "Size": "12x100.0 g", "Size Label": "ea"}, {"Category": "Yogurt", "Aisle": "Dairy & Eggs", "Sku": "21430507_EA", "Regular Price": "3.69", "Sale Price": "3.49", "Image": "https://assets.shop.loblaws.ca/products/21430507/b1/en/front/21430507_front_a01_@2.png", "Brand": "Activia", "Url": "https://www.maxi.ca/yogurt-with-probiotics-fieldberry-flavour-tub/p/21430507_EA", "Sub Category": null, "English Name": "Yogurt With Probiotics, Fieldberry Flavour Tub", "Size": "650 g", "Size Label": "ea"}, {"Category": "Yogurt", "Aisle": "Dairy & Eggs", "Sku": "21305958_EA", "Regular Price": "None", "Sale Price": "7.29", "Image": "https://assets.shop.loblaws.ca/products/21305958/b1/en/front/21305958_front_a01_@2.png", "Brand": "Oikos", "Url": "https://www.maxi.ca/extra-creamy-greek-yogurt-vanilla-bean-apricot-9-m/p/21305958_EA", "Sub Category": null, "English Name": "Extra Creamy Greek Yogurt, Vanilla Bean & Apricot, 9% M.F., Value Tub", "Size": "650 g", "Size Label": "ea"}, {"Category": "Yogurt", "Aisle": "Dairy & Eggs", "Sku": "20690267_EA", "Regular Price": "None", "Sale Price": "9.99", "Image": "https://assets.shop.loblaws.ca/products/20690267/b1/en/front/20690267_front_a01_@2.png", "Brand": "IOGO", "Url": "https://www.maxi.ca/yogurt-strawberry/p/20690267_EA", "Sub Category": null, "English Name": "Yogurt, Strawberry", "Size": "2 kg", "Size Label": "ea"}, {"Category": "Yogurt", "Aisle": "Dairy & Eggs", "Sku": "20881477_EA", "Regular Price": "None", "Sale Price": "15.79", "Image": "https://assets.shop.loblaws.ca/products/20881477/b1/en/front/20881477_front_a01_@2.png", "Brand": "IOGO", "Url": "https://www.maxi.ca/nano-drinkable-yogurt-strawberry-raspberry/p/20881477_EA", "Sub Category": null, "English Name": "Nano Drinkable Yogurt, Strawberry Raspberry ", "Size": "24x93.0 ml", "Size Label": "ea"}, {"Category": "Yogurt", "Aisle": "Dairy & Eggs", "Sku": "20801190_EA", "Regular Price": "None", "Sale Price": "7.29", "Image": "https://assets.shop.loblaws.ca/products/20801190/b1/en/front/20801190_front_a01_@2.png", "Brand": "Liberte", "Url": "https://www.maxi.ca/greek-lactose-free-vanilla-0-mf-yogurt/p/20801190_EA", "Sub Category": null, "English Name": "Greek Lactose Free Vanilla 0% MF Yogurt", "Size": "750 g", "Size Label": "ea"}, {"Category": "Yogurt", "Aisle": "Dairy & Eggs", "Sku": "20705470001_EA", "Regular Price": "None", "Sale Price": "3.49", "Image": "https://assets.shop.loblaws.ca/products/20705470001/b1/en/front/20705470001_front_a01_@2.png", "Brand": "IOGO", "Url": "https://www.maxi.ca/yogurt-vanilla-1-5/p/20705470001_EA", "Sub Category": null, "English Name": "Yogurt, Vanilla 1.5%", "Size": "650 g", "Size Label": "ea"}, {"Category": "Yogurt", "Aisle": "Dairy & Eggs", "Sku": "20977480_EA", "Regular Price": "None", "Sale Price": "6.49", "Image": "https://assets.shop.loblaws.ca/products/20977480/b1/en/front/20977480_front_a01_@2.png", "Brand": "Riviera", "Url": "https://www.maxi.ca/goat-yogurt-plain-4-9/p/20977480_EA", "Sub Category": null, "English Name": "Goat Yogurt, Plain 4.9%", "Size": "500 g", "Size Label": "ea"}, {"Category": "Yogurt", "Aisle": "Dairy & Eggs", "Sku": "21349123_EA", "Regular Price": "None", "Sale Price": "1.29", "Image": "https://assets.shop.loblaws.ca/products/21349123/b1/en/front/21349123_front_a01_@2.png", "Brand": "Danone", "Url": "https://www.maxi.ca/drinkable-yogurt-strawberry-banana-flavour-made-wi/p/21349123_EA", "Sub Category": null, "English Name": "Drinkable Yogurt, Strawberry Banana Flavour, Made With Real Fruit, 2% M.F.", "Size": "190 ml", "Size Label": "ea"}, {"Category": "Yogurt", "Aisle": "Dairy & Eggs", "Sku": "21085135_EA", "Regular Price": "None", "Sale Price": "4.19", "Image": "https://assets.shop.loblaws.ca/products/21085135/b1/en/front/21085135_front_a01_@2.png", "Brand": "President's Choice", "Url": "https://www.maxi.ca/plant-based-cultured-coconut-milk-yogurt-alternati/p/21085135_EA", "Sub Category": null, "English Name": "Plant Based Cultured Coconut Milk Yogurt Alternative, Plain", "Size": "500 g", "Size Label": "ea"}, {"Category": "Yogurt", "Aisle": "Dairy & Eggs", "Sku": "21005638_EA", "Regular Price": "None", "Sale Price": "5.29", "Image": "https://assets.shop.loblaws.ca/products/21005638/b1/en/front/21005638_front_a01_@2.png", "Brand": "Activia", "Url": "https://www.maxi.ca/yogurt-with-probiotics-vanilla-flavour-lactose-fre/p/21005638_EA", "Sub Category": null, "English Name": "Yogurt With Probiotics, Vanilla Flavour Lactose-Free", "Size": "8x100.0 g", "Size Label": "ea"}, {"Category": "Yogurt", "Aisle": "Dairy & Eggs", "Sku": "20016786_EA", "Regular Price": "None", "Sale Price": "4.79", "Image": "https://assets.shop.loblaws.ca/products/20016786/b1/en/front/20016786_front_a01_@2.png", "Brand": "Tre Stelle", "Url": "https://www.maxi.ca/tre-stelle-organic-cream-cheese-spread/p/20016786_EA", "Sub Category": null, "English Name": "Tre Stelle Organic Cream Cheese Spread", "Size": "200 g", "Size Label": "ea"}, {"Category": "Yogurt", "Aisle": "Dairy & Eggs", "Sku": "21520245_EA", "Regular Price": "None", "Sale Price": "3.99", "Image": "https://assets.shop.loblaws.ca/products/21520245/b1/en/front/21520245_front_a01_@2.png", "Brand": "Danone", "Url": "https://www.maxi.ca/danino-raspberry-flavoured-drinkable-yogurt-6-bott/p/21520245_EA", "Sub Category": null, "English Name": "Danino Raspberry Flavoured Drinkable Yogurt, 6 Bottles", "Size": "558 ml", "Size Label": "ea"}, {"Category": "Yogurt", "Aisle": "Dairy & Eggs", "Sku": "20840914003_EA", "Regular Price": "None", "Sale Price": "4.99", "Image": "https://assets.shop.loblaws.ca/products/20840914003/b1/en/front/20840914003_front_a01_@2.png", "Brand": "President's Choice", "Url": "https://www.maxi.ca/plain-kefir-probiotic-fermented-1-m-f-milk/p/20840914003_EA", "Sub Category": null, "English Name": "Plain Kefir Probiotic Fermented 1% M.F. Milk", "Size": "1 l", "Size Label": "ea"}, {"Category": "Yogurt", "Aisle": "Dairy & Eggs", "Sku": "21305953_EA", "Regular Price": "None", "Sale Price": "7.29", "Image": "https://assets.shop.loblaws.ca/products/21305953/b1/en/front/21305953_front_a01_@2.png", "Brand": "Oikos", "Url": "https://www.maxi.ca/extra-creamy-greek-yogurt-blueberry-blended-9-m-f/p/21305953_EA", "Sub Category": null, "English Name": "Extra Creamy Greek Yogurt, Blueberry, Blended, 9% M.F.", "Size": "650 g", "Size Label": "ea"}, {"Category": "Yogurt", "Aisle": "Dairy & Eggs", "Sku": "21353865_EA", "Regular Price": "6.29", "Sale Price": "4.99", "Image": "https://assets.shop.loblaws.ca/products/21353865/b1/en/front/21353865_front_a01_@2.png", "Brand": "siggi's", "Url": "https://www.maxi.ca/plain-yogurt-m-f-3-6/p/21353865_EA", "Sub Category": null, "English Name": "Plain Yogurt M.F. 3.6%", "Size": "750 g", "Size Label": "ea"}, {"Category": "Yogurt", "Aisle": "Dairy & Eggs", "Sku": "20165226002_EA", "Regular Price": "None", "Sale Price": "3.47", "Image": "https://assets.shop.loblaws.ca/products/20165226002/b1/en/front/20165226002_front_a01_@2.png", "Brand": "Astro", "Url": "https://www.maxi.ca/original-balkan-style-yogurt-vanilla/p/20165226002_EA", "Sub Category": null, "English Name": "Original Balkan Style Yogurt, Vanilla", "Size": "650 g", "Size Label": "ea"}, {"Category": "Yogurt", "Aisle": "Dairy & Eggs", "Sku": "20303412003_EA", "Regular Price": "None", "Sale Price": "6.79", "Image": "https://assets.shop.loblaws.ca/products/20303412003/b1/en/front/20303412003_front_a01_@2.png", "Brand": "Activia", "Url": "https://www.maxi.ca/yogurt-with-probiotics-strawberry-flavour/p/20303412003_EA", "Sub Category": null, "English Name": "Yogurt With Probiotics, Strawberry Flavour", "Size": "12x100.0 g", "Size Label": "ea"}, {"Category": "Yogurt", "Aisle": "Dairy & Eggs", "Sku": "20944744_EA", "Regular Price": "None", "Sale Price": "6.79", "Image": "https://assets.shop.loblaws.ca/products/20944744/b1/en/front/20944744_front_a01_@2.png", "Brand": "Activia", "Url": "https://www.maxi.ca/yogurt-with-probiotics-lactose-free-vanilla-strawb/p/20944744_EA", "Sub Category": null, "English Name": "Yogurt With Probiotics Lactose Free, Vanilla, Strawberry, Raspberry, Cherry Flavour", "Size": "12x100.0 g", "Size Label": "ea"}, {"Category": "Yogurt", "Aisle": "Dairy & Eggs", "Sku": "20692682001_EA", "Regular Price": "None", "Sale Price": "3.47", "Image": "https://assets.shop.loblaws.ca/products/20692682001/b1/en/front/20692682001_front_a01_@2.png", "Brand": "Astro", "Url": "https://www.maxi.ca/original-balkan-style-yogurt-maple/p/20692682001_EA", "Sub Category": null, "English Name": "Original Balkan Style Yogurt, Maple", "Size": "650 g", "Size Label": "ea"}, {"Category": "Yogurt", "Aisle": "Dairy & Eggs", "Sku": "21184636_EA", "Regular Price": "None", "Sale Price": "6.49", "Image": "https://assets.shop.loblaws.ca/products/21184636/b1/en/front/21184636_front_a01_@2.png", "Brand": "Riviera", "Url": "https://www.maxi.ca/vegan-yogurt-vanilla-coconut/p/21184636_EA", "Sub Category": null, "English Name": "Vegan Yogurt, Vanilla Coconut", "Size": "650 g", "Size Label": "ea"}, {"Category": "Yogurt", "Aisle": "Dairy & Eggs", "Sku": "21518314_EA", "Regular Price": "None", "Sale Price": "5.00", "Image": "https://assets.shop.loblaws.ca/products/21518314/b1/en/front/21518314_front_a01_@2.png", "Brand": "President's Choice", "Url": "https://www.maxi.ca/2-m-f-greek-yogurt-vanilla/p/21518314_EA", "Sub Category": null, "English Name": "2% M.F. Greek Yogurt, Vanilla", "Size": "750 g", "Size Label": "ea"}, {"Category": "Yogurt", "Aisle": "Dairy & Eggs", "Sku": "21477239_EA", "Regular Price": "None", "Sale Price": "10.99", "Image": "https://assets.shop.loblaws.ca/products/21477239/b1/en/front/21477239_front_a01_@2.png", "Brand": "Activia", "Url": "https://www.maxi.ca/probiotic-yogurt-vanilla-2-9-m-f/p/21477239_EA", "Sub Category": null, "English Name": "Probiotic Yogurt Vanilla 2.9% M.F.", "Size": "2 kg", "Size Label": "ea"}, {"Category": "Yogurt", "Aisle": "Dairy & Eggs", "Sku": "20944286_EA", "Regular Price": "None", "Sale Price": "3.47", "Image": "https://assets.shop.loblaws.ca/products/20944286/b1/en/front/20944286_front_a01_@2.png", "Brand": "Astro", "Url": "https://www.maxi.ca/original-yogurt-cherry-6/p/20944286_EA", "Sub Category": null, "English Name": "Original Yogurt, Cherry 6%", "Size": "650 g", "Size Label": "ea"}, {"Category": "Yogurt", "Aisle": "Dairy & Eggs", "Sku": "21547571_EA", "Regular Price": "None", "Sale Price": "3.29", "Image": "https://assets.shop.loblaws.ca/products/21547571/b1/en/front/21547571_front_a01_@2.png", "Brand": "Yoplait", "Url": "https://www.maxi.ca/tubes-yogurt-vanilla-flavour-1-m-f/p/21547571_EA", "Sub Category": null, "English Name": "Tubes Yogurt Vanilla Flavour 1% M.F.", "Size": "448 g", "Size Label": "ea"}, {"Category": "Yogurt", "Aisle": "Dairy & Eggs", "Sku": "20321615002_EA", "Regular Price": "None", "Sale Price": "3.29", "Image": "https://assets.shop.loblaws.ca/products/20321615002/b1/en/front/20321615002_front_a01_@2.png", "Brand": "Yoplait", "Url": "https://www.maxi.ca/minigo-3-mf-duo-fresh-cheese-raspberry-peach-peach/p/20321615002_EA", "Sub Category": null, "English Name": "Minigo  3% MF Duo Fresh Cheese Raspberry-Peach/Peach-Vanilla/Vanilla-Raspberry", "Size": "6x60.0 g", "Size Label": "ea"}, {"Category": "Yogurt", "Aisle": "Dairy & Eggs", "Sku": "20604024002_EA", "Regular Price": "None", "Sale Price": "4.99", "Image": "https://assets.shop.loblaws.ca/products/20604024002/b1/en/front/20604024002_front_a01_@2.png", "Brand": "Liberte", "Url": "https://www.maxi.ca/greek-lemon-2-mf-yogurt/p/20604024002_EA", "Sub Category": null, "English Name": "Greek Lemon 2% MF Yogurt", "Size": "4x100.0 g", "Size Label": "ea"}, {"Category": "Yogurt", "Aisle": "Dairy & Eggs", "Sku": "21305347_EA", "Regular Price": "None", "Sale Price": "7.29", "Image": "https://assets.shop.loblaws.ca/products/21305347/b1/en/front/21305347_front_a01_@2.png", "Brand": "Liberte", "Url": "https://www.maxi.ca/m-diterran-e-plain-10-mf-yogurt-limited-edition/p/21305347_EA", "Sub Category": null, "English Name": "M\u00e9diterran\u00e9e Plain 10% MF Yogurt Limited Edition", "Size": "900 g", "Size Label": "ea"}, {"Category": "Yogurt", "Aisle": "Dairy & Eggs", "Sku": "21353865_EA", "Regular Price": "6.29", "Sale Price": "4.99", "Image": "https://assets.shop.loblaws.ca/products/21353865/b1/en/front/21353865_front_a01_@2.png", "Brand": "siggi's", "Url": "https://www.maxi.ca/plain-yogurt-m-f-3-6/p/21353865_EA", "Sub Category": null, "English Name": "Plain Yogurt M.F. 3.6%", "Size": "750 g", "Size Label": "ea"}, {"Category": "Yogurt", "Aisle": "Dairy & Eggs", "Sku": "20165226002_EA", "Regular Price": "None", "Sale Price": "3.47", "Image": "https://assets.shop.loblaws.ca/products/20165226002/b1/en/front/20165226002_front_a01_@2.png", "Brand": "Astro", "Url": "https://www.maxi.ca/original-balkan-style-yogurt-vanilla/p/20165226002_EA", "Sub Category": null, "English Name": "Original Balkan Style Yogurt, Vanilla", "Size": "650 g", "Size Label": "ea"}, {"Category": "Yogurt", "Aisle": "Dairy & Eggs", "Sku": "20303412003_EA", "Regular Price": "None", "Sale Price": "6.79", "Image": "https://assets.shop.loblaws.ca/products/20303412003/b1/en/front/20303412003_front_a01_@2.png", "Brand": "Activia", "Url": "https://www.maxi.ca/yogurt-with-probiotics-strawberry-flavour/p/20303412003_EA", "Sub Category": null, "English Name": "Yogurt With Probiotics, Strawberry Flavour", "Size": "12x100.0 g", "Size Label": "ea"}, {"Category": "Yogurt", "Aisle": "Dairy & Eggs", "Sku": "20944744_EA", "Regular Price": "None", "Sale Price": "6.79", "Image": "https://assets.shop.loblaws.ca/products/20944744/b1/en/front/20944744_front_a01_@2.png", "Brand": "Activia", "Url": "https://www.maxi.ca/yogurt-with-probiotics-lactose-free-vanilla-strawb/p/20944744_EA", "Sub Category": null, "English Name": "Yogurt With Probiotics Lactose Free, Vanilla, Strawberry, Raspberry, Cherry Flavour", "Size": "12x100.0 g", "Size Label": "ea"}, {"Category": "Yogurt", "Aisle": "Dairy & Eggs", "Sku": "21477239_EA", "Regular Price": "None", "Sale Price": "10.99", "Image": "https://assets.shop.loblaws.ca/products/21477239/b1/en/front/21477239_front_a01_@2.png", "Brand": "Activia", "Url": "https://www.maxi.ca/probiotic-yogurt-vanilla-2-9-m-f/p/21477239_EA", "Sub Category": null, "English Name": "Probiotic Yogurt Vanilla 2.9% M.F.", "Size": "2 kg", "Size Label": "ea"}, {"Category": "Yogurt", "Aisle": "Dairy & Eggs", "Sku": "21347741_EA", "Regular Price": "None", "Sale Price": "6.99", "Image": "https://assets.shop.loblaws.ca/products/21347741/b1/en/front/21347741_front_a01_@2.png", "Brand": "President's Choice", "Url": "https://www.maxi.ca/0-m-f-plain-skyr-yogurt/p/21347741_EA", "Sub Category": null, "English Name": "0% M.F. Plain Skyr Yogurt", "Size": "908 g", "Size Label": "ea"}, {"Category": "Yogurt", "Aisle": "Dairy & Eggs", "Sku": "20941019_EA", "Regular Price": "None", "Sale Price": "4.59", "Image": "https://assets.shop.loblaws.ca/products/20941019/b1/en/front/20941019_front_a01_@2.png", "Brand": "President's Choice", "Url": "https://www.maxi.ca/berries-cherries-skyr-icelandic-style-0-m-f-yogurt/p/20941019_EA", "Sub Category": null, "English Name": "Berries & Cherries Skyr Icelandic Style 0% M.F. Yogurt", "Size": "500 g", "Size Label": "ea"}, {"Category": "Yogurt", "Aisle": "Dairy & Eggs", "Sku": "21518036_EA", "Regular Price": "None", "Sale Price": "5.00", "Image": "https://assets.shop.loblaws.ca/products/21518036/b1/en/front/21518036_front_a01_@2.png", "Brand": "President's Choice", "Url": "https://www.maxi.ca/vanilla-greek-yogurt/p/21518036_EA", "Sub Category": null, "English Name": "Vanilla Greek Yogurt", "Size": "650 g", "Size Label": "ea"}, {"Category": "Yogurt", "Aisle": "Dairy & Eggs", "Sku": "21518491_EA", "Regular Price": "None", "Sale Price": "5.00", "Image": "https://assets.shop.loblaws.ca/products/21518491/b1/en/front/21518491_front_a01_@2.png", "Brand": "President's Choice", "Url": "https://www.maxi.ca/lactose-free-plain-greek-yogurt/p/21518491_EA", "Sub Category": null, "English Name": "Lactose Free Plain Greek Yogurt", "Size": "750 g", "Size Label": "ea"}, {"Category": "Yogurt", "Aisle": "Dairy & Eggs", "Sku": "20795421_EA", "Regular Price": "None", "Sale Price": "4.99", "Image": "https://assets.shop.loblaws.ca/products/20795421/b1/en/front/20795421_front_a01_@2.png", "Brand": "Liberte", "Url": "https://www.maxi.ca/m-diterran-e-blackberry-9-mf-yogurt/p/20795421_EA", "Sub Category": null, "English Name": "M\u00e9diterran\u00e9e Blackberry 9% MF Yogurt", "Size": "500 g", "Size Label": "ea"}, {"Category": "Yogurt", "Aisle": "Dairy & Eggs", "Sku": "21550205_EA", "Regular Price": "None", "Sale Price": "5.29", "Image": "https://assets.shop.loblaws.ca/products/21550205/b1/en/front/21550205_front_a01_@2.png", "Brand": "IOGO", "Url": "https://www.maxi.ca/yogurt-creamy-duo-1-5-m-f-16-x-100-g/p/21550205_EA", "Sub Category": null, "English Name": "Yogurt Creamy Duo 1.5% M.F. 16 x 100 g", "Size": "16x100.0 g", "Size Label": "ea"}, {"Category": "Yogurt", "Aisle": "Dairy & Eggs", "Sku": "21006667_EA", "Regular Price": "None", "Sale Price": "7.29", "Image": "https://assets.shop.loblaws.ca/products/21006667/b1/en/front/21006667_front_a01_@2.png", "Brand": "Oikos", "Url": "https://www.maxi.ca/fat-free-greek-yogurt-vanilla-flavour-blended-0-m/p/21006667_EA", "Sub Category": null, "English Name": "Fat Free Greek Yogurt, Vanilla Flavour, Blended, 0% M.F.", "Size": "750 g", "Size Label": "ea"}, {"Category": "Yogurt", "Aisle": "Dairy & Eggs", "Sku": "21107644_EA", "Regular Price": "None", "Sale Price": "7.29", "Image": "https://assets.shop.loblaws.ca/products/21107644/b1/en/front/21107644_front_a01_@2.png", "Brand": "Oikos", "Url": "https://www.maxi.ca/lactose-free-greek-yogurt-plain-fat-free-no-added/p/21107644_EA", "Sub Category": null, "English Name": "Lactose Free Greek Yogurt, Plain, Fat Free, No Added Sugar, 0% M.F.", "Size": "750 g", "Size Label": "ea"}, {"Category": "Yogurt", "Aisle": "Dairy & Eggs", "Sku": "21349097_EA", "Regular Price": "None", "Sale Price": "1.29", "Image": "https://assets.shop.loblaws.ca/products/21349097/b1/en/front/21349097_front_a01_@2.png", "Brand": "Danone", "Url": "https://www.maxi.ca/drinkable-yogurt-strawberry-made-with-real-fruit-2/p/21349097_EA", "Sub Category": null, "English Name": "Drinkable Yogurt, Strawberry, Made With Real Fruit, 2% M.F.", "Size": "190 ml", "Size Label": "ea"}, {"Category": "Yogurt", "Aisle": "Dairy & Eggs", "Sku": "20636092_EA", "Regular Price": "None", "Sale Price": "9.99", "Image": "https://assets.shop.loblaws.ca/products/20636092/b1/en/front/20636092_front_a01_@2.png", "Brand": "IOGO", "Url": "https://www.maxi.ca/yogurt-vanilla-1-5/p/20636092_EA", "Sub Category": null, "English Name": "Yogurt, Vanilla 1.5%", "Size": "2 kg", "Size Label": "ea"}, {"Category": "Yogurt", "Aisle": "Dairy & Eggs", "Sku": "21216451_EA", "Regular Price": "None", "Sale Price": "7.29", "Image": "https://assets.shop.loblaws.ca/products/21216451/b1/en/front/21216451_front_a01_@2.png", "Brand": "Oikos", "Url": "https://www.maxi.ca/extra-creamy-greek-yogurt-extra-creamy-plain-11/p/21216451_EA", "Sub Category": null, "English Name": "Extra Creamy Greek Yogurt, Extra Creamy Plain 11%", "Size": "750 g", "Size Label": "ea"}, {"Category": "Yogurt", "Aisle": "Dairy & Eggs", "Sku": "20325132006_EA", "Regular Price": "3.69", "Sale Price": "3.49", "Image": "https://assets.shop.loblaws.ca/products/20325132006/b1/en/front/20325132006_front_a01_@2.png", "Brand": "Activia", "Url": "https://www.maxi.ca/yogurt-with-probiotics-fat-free-0-mf-vanilla-flavo/p/20325132006_EA", "Sub Category": null, "English Name": "Yogurt With Probiotics, Fat Free 0% Mf, Vanilla Flavour", "Size": "650 g", "Size Label": "ea"}, {"Category": "Yogurt", "Aisle": "Dairy & Eggs", "Sku": "20324741002_EA", "Regular Price": "None", "Sale Price": "5.29", "Image": "https://assets.shop.loblaws.ca/products/20324741002/b1/en/front/20324741002_front_a01_@2.png", "Brand": "Activia", "Url": "https://www.maxi.ca/yogurt-with-probiotics-stawberry-raspberry-flavour/p/20324741002_EA", "Sub Category": null, "English Name": "Yogurt With Probiotics, Stawberry Raspberry Flavour", "Size": "8x100.0 g", "Size Label": "ea"}, {"Category": "Yogurt", "Aisle": "Dairy & Eggs", "Sku": "21430903_EA", "Regular Price": "None", "Sale Price": "4.29", "Image": "https://assets.shop.loblaws.ca/products/21430903/b1/en/front/21430903_front_a01_@2.png", "Brand": "Oikos", "Url": "https://www.maxi.ca/maple-syrup-2-m-f-greek-yogurt/p/21430903_EA", "Sub Category": null, "English Name": "Maple Syrup 2% M.F. Greek Yogurt", "Size": "4x100.0 g", "Size Label": "ea"}, {"Category": "Yogurt", "Aisle": "Dairy & Eggs", "Sku": "21216411_EA", "Regular Price": "None", "Sale Price": "5.49", "Image": "https://assets.shop.loblaws.ca/products/21216411/b1/en/front/21216411_front_a01_@2.png", "Brand": "Liberte", "Url": "https://www.maxi.ca/k-fir-1-mf-mango/p/21216411_EA", "Sub Category": null, "English Name": "K\u00e9fir 1% MF Mango", "Size": "1000 ml", "Size Label": "ea"}, {"Category": "Yogurt", "Aisle": "Dairy & Eggs", "Sku": "21193572_EA", "Regular Price": "None", "Sale Price": "3.99", "Image": "https://assets.shop.loblaws.ca/products/21193572/b1/en/front/21193572_front_a01_@2.png", "Brand": "Liberte", "Url": "https://www.maxi.ca/classique-yogurt-plain-2-mf/p/21193572_EA", "Sub Category": null, "English Name": "Classique Yogurt Plain  2 % MF", "Size": "650 g", "Size Label": "ea"}, {"Category": "Yogurt", "Aisle": "Dairy & Eggs", "Sku": "21353457_EA", "Regular Price": "None", "Sale Price": "7.29", "Image": "https://assets.shop.loblaws.ca/products/21353457/b1/en/front/21353457_front_a01_@2.png", "Brand": "Liberte", "Url": "https://www.maxi.ca/greek-5-m-f-plain-yogourt/p/21353457_EA", "Sub Category": null, "English Name": "Greek 5% M.F Plain Yogourt", "Size": "650 g", "Size Label": "ea"}, {"Category": "Yogurt", "Aisle": "Dairy & Eggs", "Sku": "21430952_EA", "Regular Price": "None", "Sale Price": "8.99", "Image": "https://assets.shop.loblaws.ca/products/21430952/b1/en/front/21430952_front_a01_@2.png", "Brand": "Liberte", "Url": "https://www.maxi.ca/greek-vanilla-large-size-0-m-f-yogourt/p/21430952_EA", "Sub Category": null, "English Name": "Greek Vanilla Large Size 0 % M.F. Yogourt", "Size": "1 kg", "Size Label": "ea"}, {"Category": "Yogurt", "Aisle": "Dairy & Eggs", "Sku": "21079491_EA", "Regular Price": "None", "Sale Price": "7.29", "Image": "https://assets.shop.loblaws.ca/products/21079491/b1/en/front/21079491_front_a01_@2.png", "Brand": "Liberte", "Url": "https://www.maxi.ca/greek-vanilla-0-mf-yogurt/p/21079491_EA", "Sub Category": null, "English Name": "Greek Vanilla 0% MF Yogurt", "Size": "750 g", "Size Label": "ea"}, {"Category": "Yogurt", "Aisle": "Dairy & Eggs", "Sku": "21390111_EA", "Regular Price": "None", "Sale Price": "6.99", "Image": "https://assets.shop.loblaws.ca/products/21390111/b1/en/front/21390111_front_a01_@2.png", "Brand": "Yoplait", "Url": "https://www.maxi.ca/strawberry-banana-yogurt/p/21390111_EA", "Sub Category": null, "English Name": "Strawberry Banana Yogurt", "Size": "8x93.0 ml", "Size Label": "ea"}, {"Category": "Yogurt", "Aisle": "Dairy & Eggs", "Sku": "21547533_EA", "Regular Price": "None", "Sale Price": "7.29", "Image": "https://assets.shop.loblaws.ca/products/21547533/b1/en/front/21547533_front_a01_@2.png", "Brand": "Liberte", "Url": "https://www.maxi.ca/greek-yogurt-apple-pie-special-edition-5-m-f/p/21547533_EA", "Sub Category": null, "English Name": "Greek Yogurt Apple Pie Special Edition 5 % M.F.", "Size": "650 g", "Size Label": "ea"}, {"Category": "Yogurt", "Aisle": "Dairy & Eggs", "Sku": "20704361002_EA", "Regular Price": "None", "Sale Price": "7.29", "Image": "https://assets.shop.loblaws.ca/products/20704361002/b1/en/front/20704361002_front_a01_@2.png", "Brand": "Liberte", "Url": "https://www.maxi.ca/greek-vanilla-2-mf-yogurt/p/20704361002_EA", "Sub Category": null, "English Name": "Greek Vanilla 2% MF Yogurt", "Size": "750 g", "Size Label": "ea"}, {"Category": "Yogurt", "Aisle": "Dairy & Eggs", "Sku": "21391318003_EA", "Regular Price": "None", "Sale Price": "3.29", "Image": "https://assets.shop.loblaws.ca/products/21391318003/b1/en/front/21391318003_front_a01_@2.png", "Brand": "Yoplait", "Url": "https://www.maxi.ca/source-fieldberry-yogurt-0-mf/p/21391318003_EA", "Sub Category": null, "English Name": "Source Fieldberry Yogurt 0% MF", "Size": "630 g", "Size Label": "ea"}, {"Category": "Yogurt", "Aisle": "Dairy & Eggs", "Sku": "20321615001_EA", "Regular Price": "None", "Sale Price": "3.29", "Image": "https://assets.shop.loblaws.ca/products/20321615001/b1/en/front/20321615001_front_a01_@2.png", "Brand": "Yoplait", "Url": "https://www.maxi.ca/minigo-3-mf-duo-fresh-cheese-strawberry-banana-blu/p/20321615001_EA", "Sub Category": null, "English Name": "Minigo 3% MF Duo Fresh Cheese Strawberry-Banana/Blueberry-Strawberry/Banana-Blueberry", "Size": "6x60.0 g", "Size Label": "ea"}, {"Category": "Yogurt", "Aisle": "Dairy & Eggs", "Sku": "21547585_EA", "Regular Price": "None", "Sale Price": "3.29", "Image": "https://assets.shop.loblaws.ca/products/21547585/b1/en/front/21547585_front_a01_@2.png", "Brand": "Yoplait", "Url": "https://www.maxi.ca/tubes-yogurt-bubble-gum-flavour-special-dition-1-m/p/21547585_EA", "Sub Category": null, "English Name": "Tubes Yogurt Bubble Gum Flavour Special \u00c9dition 1% M.F.", "Size": "448 g", "Size Label": "ea"}, {"Category": "Yogurt", "Aisle": "Dairy & Eggs", "Sku": "20120316002_EA", "Regular Price": "None", "Sale Price": "5.49", "Image": "https://assets.shop.loblaws.ca/products/20120316002/b1/en/front/20120316002_front_a01_@2.png", "Brand": "Yoplait", "Url": "https://www.maxi.ca/creamy-raspberry-blueberry-fieldberry-strawberry-1/p/20120316002_EA", "Sub Category": null, "English Name": "Creamy Raspberry/Blueberry/Fieldberry/Strawberry 1.5% MF Yogurt ", "Size": "16x100.0 g", "Size Label": "ea"}, {"Category": "Yogurt", "Aisle": "Dairy & Eggs", "Sku": "21193661_EA", "Regular Price": "None", "Sale Price": "3.99", "Image": "https://assets.shop.loblaws.ca/products/21193661/b1/en/front/21193661_front_a01_@2.png", "Brand": "Liberte", "Url": "https://www.maxi.ca/classique-class-plain-0-mf-yogurt/p/21193661_EA", "Sub Category": null, "English Name": "Classique Class Plain 0% MF Yogurt", "Size": "650 g", "Size Label": "ea"}, {"Category": "Yogurt", "Aisle": "Dairy & Eggs", "Sku": "20306802_EA", "Regular Price": "None", "Sale Price": "4.79", "Image": "https://assets.shop.loblaws.ca/products/20306802/b1/en/front/20306802_front_a01_@2.png", "Brand": "Astro", "Url": "https://www.maxi.ca/smooth-n-fruity-vanilla-raspberry-peach/p/20306802_EA", "Sub Category": null, "English Name": "Smooth 'n Fruity Vanilla Raspberry Peach", "Size": "12x100.0 g", "Size Label": "ea"}, {"Category": "Yogurt", "Aisle": "Dairy & Eggs", "Sku": "20705470002_EA", "Regular Price": "None", "Sale Price": "3.49", "Image": "https://assets.shop.loblaws.ca/products/20705470002/b1/en/front/20705470002_front_a01_@2.png", "Brand": "IOGO", "Url": "https://www.maxi.ca/yogurt-strawberry-1-5/p/20705470002_EA", "Sub Category": null, "English Name": "Yogurt, Strawberry 1.5%", "Size": "650 g", "Size Label": "ea"}, {"Category": "Yogurt", "Aisle": "Dairy & Eggs", "Sku": "21196118_EA", "Regular Price": "None", "Sale Price": "6.99", "Image": "https://assets.shop.loblaws.ca/products/21196118/b1/en/front/21196118_front_a01_@2.png", "Brand": "Silk", "Url": "https://www.maxi.ca/dairy-free-plant-based-almond-yogurt-vanilla-flavo/p/21196118_EA", "Sub Category": null, "English Name": "Dairy Free Plant Based Almond Yogurt, Vanilla Flavour", "Size": "640 g", "Size Label": "ea"}, {"Category": "Yogurt", "Aisle": "Dairy & Eggs", "Sku": "21219605_EA", "Regular Price": "None", "Sale Price": "6.99", "Image": "https://assets.shop.loblaws.ca/products/21219605/b1/en/front/21219605_front_a01_@2.png", "Brand": "Liberte", "Url": "https://www.maxi.ca/k-fir-organic-1-mf-plain/p/21219605_EA", "Sub Category": null, "English Name": "K\u00e9fir Organic 1% MF Plain", "Size": "1000 g", "Size Label": "ea"}, {"Category": "Yogurt", "Aisle": "Dairy & Eggs", "Sku": "21021374_EA", "Regular Price": "None", "Sale Price": "5.49", "Image": "https://assets.shop.loblaws.ca/products/21021374/b1/en/front/21021374_front_a01_@2.png", "Brand": "PC Organics", "Url": "https://www.maxi.ca/organic-14-m-f-sour-cream/p/21021374_EA", "Sub Category": null, "English Name": "Organic 14% M.F. Sour Cream", "Size": "500 g", "Size Label": "ea"}, {"Category": "Yogurt", "Aisle": "Dairy & Eggs", "Sku": "20685574002_EA", "Regular Price": "None", "Sale Price": "4.49", "Image": "https://assets.shop.loblaws.ca/products/20685574002/b1/en/front/20685574002_front_a01_@2.png", "Brand": "No Name", "Url": "https://www.maxi.ca/vanilla-blueberry-strawberry-raspberry-0-m-f-stirr/p/20685574002_EA", "Sub Category": null, "English Name": "Vanilla, Blueberry, Strawberry & Raspberry 0% M.F. Stirred Yogurt", "Size": "12x100.0 g", "Size Label": "ea"}, {"Category": "Yogurt", "Aisle": "Dairy & Eggs", "Sku": "21348503_EA", "Regular Price": "None", "Sale Price": "2.29", "Image": "https://assets.shop.loblaws.ca/products/21348503/b1/en/front/21348503_front_a01_@2.png", "Brand": "Activia", "Url": "https://www.maxi.ca/probiotic-smoothie-blueberry-strawberry-beet-drink/p/21348503_EA", "Sub Category": null, "English Name": "Probiotic Smoothie, Blueberry, Strawberry, & Beet, Drinkable Yogurt", "Size": "190 ml", "Size Label": "ea"}, {"Category": "Yogurt", "Aisle": "Dairy & Eggs", "Sku": "21558857_EA", "Regular Price": "None", "Sale Price": "7.49", "Image": "https://assets.shop.loblaws.ca/products/21558857/b1/en/front/21558857_front_a01_@2.png", "Brand": "Riviera", "Url": "https://www.maxi.ca/vegan-delight-coconut-milk-lemon/p/21558857_EA", "Sub Category": null, "English Name": "Vegan Delight Coconut Milk, Lemon", "Size": "4x120.0 g", "Size Label": "ea"}, {"Category": "Yogurt", "Aisle": "Dairy & Eggs", "Sku": "20324741001_EA", "Regular Price": "None", "Sale Price": "5.29", "Image": "https://assets.shop.loblaws.ca/products/20324741001/b1/en/front/20324741001_front_a01_@2.png", "Brand": "Activia", "Url": "https://www.maxi.ca/yogurt-with-probiotics-strawberry-vanilla-flavour/p/20324741001_EA", "Sub Category": null, "English Name": "Yogurt With Probiotics, Strawberry Vanilla Flavour", "Size": "8x100.0 g", "Size Label": "ea"}, {"Category": "Yogurt", "Aisle": "Dairy & Eggs", "Sku": "20943890_EA", "Regular Price": "None", "Sale Price": "3.47", "Image": "https://assets.shop.loblaws.ca/products/20943890/b1/en/front/20943890_front_a01_@2.png", "Brand": "Astro", "Url": "https://www.maxi.ca/original-yogurt-banana-cream-6/p/20943890_EA", "Sub Category": null, "English Name": "Original Yogurt, Banana Cream 6%", "Size": "650 g", "Size Label": "ea"}, {"Category": "Yogurt", "Aisle": "Dairy & Eggs", "Sku": "21055173_EA", "Regular Price": "None", "Sale Price": "3.99", "Image": "https://assets.shop.loblaws.ca/products/21055173/b1/en/front/21055173_front_a01_@2.png", "Brand": "President's Choice", "Url": "https://www.maxi.ca/plain-2-m-f-greek-yogurt/p/21055173_EA", "Sub Category": null, "English Name": "Plain 2% M.F. Greek Yogurt", "Size": "4x100.0 g", "Size Label": "ea"}, {"Category": "Yogurt", "Aisle": "Dairy & Eggs", "Sku": "20322561003_EA", "Regular Price": "None", "Sale Price": "5.29", "Image": "https://assets.shop.loblaws.ca/products/20322561003/b1/en/front/20322561003_front_a01_@2.png", "Brand": "Activia", "Url": "https://www.maxi.ca/probiotic-yogurt-4x-blueberry-4x-strawberry-rhubar/p/20322561003_EA", "Sub Category": null, "English Name": "Probiotic Yogurt, 4X Blueberry, 4X Strawberry & Rhubarb, 8 Pack", "Size": "8x100.0 g", "Size Label": "ea"}, {"Category": "Yogurt", "Aisle": "Dairy & Eggs", "Sku": "21518405_EA", "Regular Price": "None", "Sale Price": "5.00", "Image": "https://assets.shop.loblaws.ca/products/21518405/b1/en/front/21518405_front_a01_@2.png", "Brand": "President's Choice", "Url": "https://www.maxi.ca/vanilla-greek-yogurt/p/21518405_EA", "Sub Category": null, "English Name": "Vanilla Greek Yogurt", "Size": "750 g", "Size Label": "ea"}, {"Category": "Yogurt", "Aisle": "Dairy & Eggs", "Sku": "20325132002_EA", "Regular Price": "3.69", "Sale Price": "3.49", "Image": "https://assets.shop.loblaws.ca/products/20325132002/b1/en/front/20325132002_front_a01_@2.png", "Brand": "Activia", "Url": "https://www.maxi.ca/yogurt-with-probiotics-prune-flavour/p/20325132002_EA", "Sub Category": null, "English Name": "Yogurt With Probiotics, Prune Flavour", "Size": "650 g", "Size Label": "ea"}, {"Category": "Yogurt", "Aisle": "Dairy & Eggs", "Sku": "20685773003_EA", "Regular Price": "None", "Sale Price": "3.19", "Image": "https://assets.shop.loblaws.ca/products/20685773003/b1/en/front/20685773003_front_a01_@2.png", "Brand": "No Name", "Url": "https://www.maxi.ca/vanilla-stirred-0-m-f-yogurt/p/20685773003_EA", "Sub Category": null, "English Name": "Vanilla Stirred 0% M.F. Yogurt", "Size": "650 g", "Size Label": "ea"}, {"Category": "Yogurt", "Aisle": "Dairy & Eggs", "Sku": "21520253_EA", "Regular Price": "None", "Sale Price": "3.99", "Image": "https://assets.shop.loblaws.ca/products/21520253/b1/en/front/21520253_front_a01_@2.png", "Brand": "Danone", "Url": "https://www.maxi.ca/danino-strawberry-flavoured-drinkable-yogurt-6-bot/p/21520253_EA", "Sub Category": null, "English Name": "Danino Strawberry Flavoured Drinkable Yogurt, 6 Bottles", "Size": "6x93.0 ml", "Size Label": "ea"}, {"Category": "Yogurt", "Aisle": "Dairy & Eggs", "Sku": "20606778001_EA", "Regular Price": "None", "Sale Price": "5.29", "Image": "https://assets.shop.loblaws.ca/products/20606778001/b1/en/front/20606778001_front_a01_@2.png", "Brand": "IOGO", "Url": "https://www.maxi.ca/0-strawberry-raspberry-blueberry-cherry-yogurt/p/20606778001_EA", "Sub Category": null, "English Name": "0% Strawberry, Raspberry, Blueberry, Cherry Yogurt", "Size": "16x100.0 g", "Size Label": "ea"}, {"Category": "Yogurt", "Aisle": "Dairy & Eggs", "Sku": "20685574001_EA", "Regular Price": "None", "Sale Price": "4.49", "Image": "https://assets.shop.loblaws.ca/products/20685574001/b1/en/front/20685574001_front_a01_@2.png", "Brand": "No Name", "Url": "https://www.maxi.ca/stirred-yogurts-0-m-f/p/20685574001_EA", "Sub Category": null, "English Name": "Stirred Yogurts 0 % M.F.", "Size": "12x100.0 g", "Size Label": "ea"}, {"Category": "Yogurt", "Aisle": "Dairy & Eggs", "Sku": "20608924_EA", "Regular Price": "None", "Sale Price": "6.79", "Image": "https://assets.shop.loblaws.ca/products/20608924/b1/en/front/20608924_front_a01_@2.png", "Brand": "Activia", "Url": "https://www.maxi.ca/probiotic-yogurt-raspberry-apple-blackberry-strawb/p/20608924_EA", "Sub Category": null, "English Name": "Probiotic Yogurt, Raspberry/Apple/Blackberry/Strawberry Flavour, 12XG", "Size": "12x100.0 g", "Size Label": "ea"}, {"Category": "Yogurt", "Aisle": "Dairy & Eggs", "Sku": "20830628002_EA", "Regular Price": "None", "Sale Price": "3.99", "Image": "https://assets.shop.loblaws.ca/products/20830628002/b1/en/front/20830628002_front_a01_@2.png", "Brand": "President's Choice", "Url": "https://www.maxi.ca/blueberry-fruit-on-the-bottom-0-m-f-greek-yogurt/p/20830628002_EA", "Sub Category": null, "English Name": "Blueberry Fruit On The Bottom 0% M.F. Greek Yogurt", "Size": "4x100.0 g", "Size Label": "ea"}, {"Category": "Yogurt", "Aisle": "Dairy & Eggs", "Sku": "21006660_EA", "Regular Price": "None", "Sale Price": "7.29", "Image": "https://assets.shop.loblaws.ca/products/21006660/b1/en/front/21006660_front_a01_@2.png", "Brand": "Oikos", "Url": "https://www.maxi.ca/greek-yogurt-vanilla-flavour-2-m-f-value-tub/p/21006660_EA", "Sub Category": null, "English Name": "Greek Yogurt, Vanilla Flavour, 2% M.F., Value Tub", "Size": "750 g", "Size Label": "ea"}, {"Category": "Yogurt", "Aisle": "Dairy & Eggs", "Sku": "21305352_EA", "Regular Price": "None", "Sale Price": "7.29", "Image": "https://assets.shop.loblaws.ca/products/21305352/b1/en/front/21305352_front_a01_@2.png", "Brand": "Liberte", "Url": "https://www.maxi.ca/greek-lemon-2-mf-yogurt/p/21305352_EA", "Sub Category": null, "English Name": "Greek Lemon 2% MF Yogurt", "Size": "750 g", "Size Label": "ea"}, {"Category": "Yogurt", "Aisle": "Dairy & Eggs", "Sku": "20786948_EA", "Regular Price": "None", "Sale Price": "4.99", "Image": "https://assets.shop.loblaws.ca/products/20786948/b1/en/front/20786948_front_a01_@2.png", "Brand": "Liberte", "Url": "https://www.maxi.ca/greek-strawberry-0-mf-yogurt/p/20786948_EA", "Sub Category": null, "English Name": "Greek Strawberry 0% MF Yogurt", "Size": "4x100.0 g", "Size Label": "ea"}, {"Category": "Yogurt", "Aisle": "Dairy & Eggs", "Sku": "21547624_EA", "Regular Price": "None", "Sale Price": "3.29", "Image": "https://assets.shop.loblaws.ca/products/21547624/b1/en/front/21547624_front_a01_@2.png", "Brand": "Yoplait", "Url": "https://www.maxi.ca/tubes-yogurt-cotton-candy-flavour-1-m-f/p/21547624_EA", "Sub Category": null, "English Name": "Tubes Yogurt Cotton Candy Flavour 1% M.F.", "Size": "448 g", "Size Label": "ea"}, {"Category": "Yogurt", "Aisle": "Dairy & Eggs", "Sku": "20801752003_EA", "Regular Price": "None", "Sale Price": "4.99", "Image": "https://assets.shop.loblaws.ca/products/20801752003/b1/en/front/20801752003_front_a01_@2.png", "Brand": "Liberte", "Url": "https://www.maxi.ca/greek-vanilla-bean-5-mf-yogurt/p/20801752003_EA", "Sub Category": null, "English Name": "Greek Vanilla Bean 5% MF Yogurt", "Size": "4x100.0 g", "Size Label": "ea"}, {"Category": "Yogurt", "Aisle": "Dairy & Eggs", "Sku": "21193449_EA", "Regular Price": "None", "Sale Price": "7.29", "Image": "https://assets.shop.loblaws.ca/products/21193449/b1/en/front/21193449_front_a01_@2.png", "Brand": "Liberte", "Url": "https://www.maxi.ca/greek-vanilla-3-mf-yogurt/p/21193449_EA", "Sub Category": null, "English Name": "Greek Vanilla 3% MF Yogurt", "Size": "750 g", "Size Label": "ea"}, {"Category": "Yogurt", "Aisle": "Dairy & Eggs", "Sku": "21473605_EA", "Regular Price": "None", "Sale Price": "8.99", "Image": "https://assets.shop.loblaws.ca/products/21473605/b1/en/front/21473605_front_a01_@2.png", "Brand": "Liberte", "Url": "https://www.maxi.ca/greek-lactose-free-yogurt-plain/p/21473605_EA", "Sub Category": null, "English Name": "Greek Lactose Free Yogurt Plain", "Size": "1000 g", "Size Label": "ea"}, {"Category": "Yogurt", "Aisle": "Dairy & Eggs", "Sku": "21193571_EA", "Regular Price": "None", "Sale Price": "3.99", "Image": "https://assets.shop.loblaws.ca/products/21193571/b1/en/front/21193571_front_a01_@2.png", "Brand": "Liberte", "Url": "https://www.maxi.ca/plain-2-mf-yogurt/p/21193571_EA", "Sub Category": null, "English Name": "Plain 2% MF Yogurt", "Size": "650 g", "Size Label": "ea"}, {"Category": "Yogurt", "Aisle": "Dairy & Eggs", "Sku": "21305353_EA", "Regular Price": "None", "Sale Price": "7.29", "Image": "https://assets.shop.loblaws.ca/products/21305353/b1/en/front/21305353_front_a01_@2.png", "Brand": "Liberte", "Url": "https://www.maxi.ca/greek-peach-2-mf-yogurt/p/21305353_EA", "Sub Category": null, "English Name": "Greek Peach 2% MF Yogurt", "Size": "750 g", "Size Label": "ea"}, {"Category": "Yogurt", "Aisle": "Dairy & Eggs", "Sku": "21473814_EA", "Regular Price": "None", "Sale Price": "7.29", "Image": "https://assets.shop.loblaws.ca/products/21473814/b1/en/front/21473814_front_a01_@2.png", "Brand": "Liberte", "Url": "https://www.maxi.ca/greek-blueberry-0-mf-yogurt/p/21473814_EA", "Sub Category": null, "English Name": "Greek Blueberry 0% MF Yogurt", "Size": "750 g", "Size Label": "ea"}, {"Category": "Yogurt", "Aisle": "Dairy & Eggs", "Sku": "20120316004_EA", "Regular Price": "None", "Sale Price": "5.49", "Image": "https://assets.shop.loblaws.ca/products/20120316004/b1/en/front/20120316004_front_a01_@2.png", "Brand": "Yoplait", "Url": "https://www.maxi.ca/creamy-duo-raspberry-vanilla-blueberry-vanilla-man/p/20120316004_EA", "Sub Category": null, "English Name": "Creamy Duo Raspberry-Vanilla/Blueberry-Vanilla/Mango-Vanilla/Strawberry-Vanilla 1.5% <MF Yogurt", "Size": "16x100.0 g", "Size Label": "ea"}, {"Category": "Yogurt", "Aisle": "Dairy & Eggs", "Sku": "21481057_EA", "Regular Price": "None", "Sale Price": "5.79", "Image": "https://assets.shop.loblaws.ca/products/21481057/b1/en/front/21481057_front_a01_@2.png", "Brand": "IOGO", "Url": "https://www.maxi.ca/nan-drinkable-yogurt-strawberry-1-m-f/p/21481057_EA", "Sub Category": null, "English Name": "Nan\u00f6 Drinkable Yogurt Strawberry 1 % M.F.", "Size": "900 ml", "Size Label": "ea"}, {"Category": "Yogurt", "Aisle": "Dairy & Eggs", "Sku": "21043175002_EA", "Regular Price": "None", "Sale Price": "3.49", "Image": "https://assets.shop.loblaws.ca/products/21043175002/b1/en/front/21043175002_front_a01_@2.png", "Brand": "IOGO", "Url": "https://www.maxi.ca/lactose-free-yogurt-vanilla-1-5/p/21043175002_EA", "Sub Category": null, "English Name": "Lactose Free Yogurt, Vanilla 1.5%", "Size": "650 g", "Size Label": "ea"}, {"Category": "Yogurt", "Aisle": "Dairy & Eggs", "Sku": "21193458_EA", "Regular Price": "None", "Sale Price": "7.29", "Image": "https://assets.shop.loblaws.ca/products/21193458/b1/en/front/21193458_front_a01_@2.png", "Brand": "Liberte", "Url": "https://www.maxi.ca/greek-coconut-3-mf-yogurt/p/21193458_EA", "Sub Category": null, "English Name": "Greek Coconut 3% MF Yogurt", "Size": "750 g", "Size Label": "ea"}, {"Category": "Yogurt", "Aisle": "Dairy & Eggs", "Sku": "21217786_EA", "Regular Price": "None", "Sale Price": "6.49", "Image": "https://assets.shop.loblaws.ca/products/21217786/b1/en/front/21217786_front_a01_@2.png", "Brand": "Riviera", "Url": "https://www.maxi.ca/coconut-milk-kefir-vanilla/p/21217786_EA", "Sub Category": null, "English Name": "Coconut Milk Kefir - Vanilla  ", "Size": "946 ml", "Size Label": "ea"}, {"Category": "Yogurt", "Aisle": "Dairy & Eggs", "Sku": "21477261_EA", "Regular Price": "None", "Sale Price": "11.99", "Image": "https://assets.shop.loblaws.ca/products/21477261/b1/en/front/21477261_front_a01_@2.png", "Brand": "Oikos", "Url": "https://www.maxi.ca/greek-yogurt-plain-no-added-sugar-2-mf/p/21477261_EA", "Sub Category": null, "English Name": "Greek Yogurt, Plain, No Added Sugar, 2% MF", "Size": "1.5 kg", "Size Label": "ea"}, {"Category": "Yogurt", "Aisle": "Dairy & Eggs", "Sku": "21520309_EA", "Regular Price": "None", "Sale Price": "7.29", "Image": "https://assets.shop.loblaws.ca/products/21520309/b1/en/front/21520309_front_a01_@2.png", "Brand": "Liberte", "Url": "https://www.maxi.ca/greek-yogourt-black-cherry-raspberry-2-m-f/p/21520309_EA", "Sub Category": null, "English Name": "Greek Yogourt Black Cherry Raspberry 2% M.F.", "Size": "650 g", "Size Label": "ea"}, {"Category": "Yogurt", "Aisle": "Dairy & Eggs", "Sku": "21547565_EA", "Regular Price": "None", "Sale Price": "4.99", "Image": "https://assets.shop.loblaws.ca/products/21547565/b1/en/front/21547565_front_a01_@2.png", "Brand": "Liberte", "Url": "https://www.maxi.ca/m-diterran-e-yogourt-raspberry-pomegranate-9-m-f/p/21547565_EA", "Sub Category": null, "English Name": "M\u00e9diterran\u00e9e Yogourt Raspberry Pomegranate 9 % M.F.", "Size": "500 g", "Size Label": "ea"}, {"Category": "Yogurt", "Aisle": "Dairy & Eggs", "Sku": "20275868002_EA", "Regular Price": "None", "Sale Price": "3.29", "Image": "https://assets.shop.loblaws.ca/products/20275868002/b1/en/front/20275868002_front_a01_@2.png", "Brand": "Yoplait", "Url": "https://www.maxi.ca/minigo-3-mf-fresh-cheese-blueberry-strawberry-vani/p/20275868002_EA", "Sub Category": null, "English Name": "Minigo 3% MF  Fresh Cheese Blueberry/Strawberry/Vanilla ", "Size": "6x60.0 g", "Size Label": "ea"}, {"Category": "Yogurt", "Aisle": "Dairy & Eggs", "Sku": "21478186_EA", "Regular Price": "None", "Sale Price": "1.00", "Image": "https://assets.shop.loblaws.ca/products/21478186/b1/en/front/21478186_front_a01_@2.png", "Brand": "Yoplait", "Url": "https://www.maxi.ca/yop-drinkable-yogurt-watermelon-flavour/p/21478186_EA", "Sub Category": null, "English Name": "Yop Drinkable Yogurt Watermelon Flavour ", "Size": "200 ml", "Size Label": "ea"}, {"Category": "Yogurt", "Aisle": "Dairy & Eggs", "Sku": "21478984_EA", "Regular Price": "None", "Sale Price": "6.99", "Image": "https://assets.shop.loblaws.ca/products/21478984/b1/en/front/21478984_front_a01_@2.png", "Brand": "Yoplait", "Url": "https://www.maxi.ca/yop-drinkable-yogurt-strawberry-flavour-1-m-f/p/21478984_EA", "Sub Category": null, "English Name": "Yop Drinkable Yogurt Strawberry Flavour 1% M.F.", "Size": "6x200.0 ml", "Size Label": "ea"}, {"Category": "Yogurt", "Aisle": "Dairy & Eggs", "Sku": "20944778_EA", "Regular Price": "None", "Sale Price": "6.79", "Image": "https://assets.shop.loblaws.ca/products/20944778/b1/en/front/20944778_front_a01_@2.png", "Brand": "Activia", "Url": "https://www.maxi.ca/yogurt-with-probiotics-lactose-free-strawberry-blu/p/20944778_EA", "Sub Category": null, "English Name": "Yogurt With Probiotics Lactose Free, Strawberry, Blueberry, Peach, Mango Flavour, 12XG", "Size": "12x100.0 g", "Size Label": "ea"}, {"Category": "Yogurt", "Aisle": "Dairy & Eggs", "Sku": "21217766_EA", "Regular Price": "None", "Sale Price": "6.49", "Image": "https://assets.shop.loblaws.ca/products/21217766/b1/en/front/21217766_front_a01_@2.png", "Brand": "Riviera", "Url": "https://www.maxi.ca/coconut-milk-vegan-yogurt-cherry/p/21217766_EA", "Sub Category": null, "English Name": "Coconut Milk Vegan Yogurt - Cherry ", "Size": "500 g", "Size Label": "ea"}, {"Category": "Yogurt", "Aisle": "Dairy & Eggs", "Sku": "21545655_EA", "Regular Price": "None", "Sale Price": "5.00", "Image": "https://assets.shop.loblaws.ca/products/21545655/b1/en/front/21545655_front_a01_@2.png", "Brand": "President's Choice", "Url": "https://www.maxi.ca/passion-fruit-guava-greek-yogurt/p/21545655_EA", "Sub Category": null, "English Name": "Passion Fruit Guava Greek Yogurt", "Size": "650 g", "Size Label": "ea"}, {"Category": "Yogurt", "Aisle": "Dairy & Eggs", "Sku": "21184634_EA", "Regular Price": "None", "Sale Price": "6.49", "Image": "https://assets.shop.loblaws.ca/products/21184634/b1/en/front/21184634_front_a01_@2.png", "Brand": "Riviera", "Url": "https://www.maxi.ca/vegan-yogurt-plain-coconut/p/21184634_EA", "Sub Category": null, "English Name": "Vegan Yogurt, Plain Coconut", "Size": "650 g", "Size Label": "ea"}, {"Category": "Yogurt", "Aisle": "Dairy & Eggs", "Sku": "20944278_EA", "Regular Price": "None", "Sale Price": "6.49", "Image": "https://assets.shop.loblaws.ca/products/20944278/b1/en/front/20944278_front_a01_@2.png", "Brand": "PC Organics", "Url": "https://www.maxi.ca/organic-plain-kefir-probiotic-fermented-1-m-f-milk/p/20944278_EA", "Sub Category": null, "English Name": "Organic Plain Kefir Probiotic Fermented 1% M.F. Milk", "Size": "1 l", "Size Label": "ea"}, {"Category": "Yogurt", "Aisle": "Dairy & Eggs", "Sku": "20431607002_EA", "Regular Price": "None", "Sale Price": "3.47", "Image": "https://assets.shop.loblaws.ca/products/20431607002/b1/en/front/20431607002_front_a01_@2.png", "Brand": "Astro", "Url": "https://www.maxi.ca/original-balkan-style-yogurt-cappuccino/p/20431607002_EA", "Sub Category": null, "English Name": "Original Balkan Style Yogurt, Cappuccino", "Size": "650 g", "Size Label": "ea"}, {"Category": "Yogurt", "Aisle": "Dairy & Eggs", "Sku": "20180775002_EA", "Regular Price": "None", "Sale Price": "3.49", "Image": "https://assets.shop.loblaws.ca/products/20180775002/b1/en/front/20180775002_front_a01_@2.png", "Brand": "President's Choice", "Url": "https://www.maxi.ca/plain-3-m-f-yogurt/p/20180775002_EA", "Sub Category": null, "English Name": "Plain 3% M.F. Yogurt", "Size": "750 g", "Size Label": "ea"}, {"Category": "Yogurt", "Aisle": "Dairy & Eggs", "Sku": "20941014_EA", "Regular Price": "None", "Sale Price": "4.59", "Image": "https://assets.shop.loblaws.ca/products/20941014/b1/en/front/20941014_front_a01_@2.png", "Brand": "President's Choice", "Url": "https://www.maxi.ca/plain-skyr-icelandic-style-0-m-f-yogurt/p/20941014_EA", "Sub Category": null, "English Name": "Plain Skyr Icelandic Style 0% M.F. Yogurt", "Size": "500 g", "Size Label": "ea"}, {"Category": "Yogurt", "Aisle": "Dairy & Eggs", "Sku": "21396076_EA", "Regular Price": "None", "Sale Price": "2.29", "Image": "https://assets.shop.loblaws.ca/products/21396076/b1/en/front/21396076_front_a01_@2.png", "Brand": "Oikos", "Url": "https://www.maxi.ca/drinkable-greek-yogurt-with-field-berries-oats-see/p/21396076_EA", "Sub Category": null, "English Name": "Drinkable Greek Yogurt With Field Berries, Oats, & Seeds, 9G Protein", "Size": "190 ml", "Size Label": "ea"}, {"Category": "Yogurt", "Aisle": "Dairy & Eggs", "Sku": "20303412004_EA", "Regular Price": "None", "Sale Price": "6.79", "Image": "https://assets.shop.loblaws.ca/products/20303412004/b1/en/front/20303412004_front_a01_@2.png", "Brand": "Activia", "Url": "https://www.maxi.ca/probiotic-yogurt-blueberry-vanilla/p/20303412004_EA", "Sub Category": null, "English Name": "Probiotic Yogurt, Blueberry/Vanilla", "Size": "12x100.0 g", "Size Label": "ea"}, {"Category": "Yogurt", "Aisle": "Dairy & Eggs", "Sku": "21430727_EA", "Regular Price": "None", "Sale Price": "4.29", "Image": "https://assets.shop.loblaws.ca/products/21430727/b1/en/front/21430727_front_a01_@2.png", "Brand": "Oikos", "Url": "https://www.maxi.ca/greek-yogurt-strawberry-raspberry-fruit-on-the-bot/p/21430727_EA", "Sub Category": null, "English Name": "Greek Yogurt, Strawberry Raspberry, Fruit On The Bottom, 2% M.F.", "Size": "4x100.0 g", "Size Label": "ea"}, {"Category": "Yogurt", "Aisle": "Dairy & Eggs", "Sku": "20340471001_EA", "Regular Price": "None", "Sale Price": "6.79", "Image": "https://assets.shop.loblaws.ca/products/20340471001/b1/en/front/20340471001_front_a01_@2.png", "Brand": "Activia", "Url": "https://www.maxi.ca/yogurt-with-probiotics-fibre-3x-vanilla-3x-blueber/p/20340471001_EA", "Sub Category": null, "English Name": "Yogurt With Probiotics & Fibre, 3X Vanilla, 3X Blueberry, 3X Peach, 3X Strawberry Kiwi,", "Size": "12x100.0 g", "Size Label": "ea"}, {"Category": "Yogurt", "Aisle": "Dairy & Eggs", "Sku": "21520275_EA", "Regular Price": "None", "Sale Price": "7.29", "Image": "https://assets.shop.loblaws.ca/products/21520275/b1/en/front/21520275_front_a01_@2.png", "Brand": "Liberte", "Url": "https://www.maxi.ca/greek-yogourt-pineapple-2-m-f/p/21520275_EA", "Sub Category": null, "English Name": "Greek Yogourt Pineapple 2 % M.F.", "Size": "650 g", "Size Label": "ea"}, {"Category": "Yogurt", "Aisle": "Dairy & Eggs", "Sku": "20788062001_EA", "Regular Price": "None", "Sale Price": "4.99", "Image": "https://assets.shop.loblaws.ca/products/20788062001/b1/en/front/20788062001_front_a01_@2.png", "Brand": "Liberte", "Url": "https://www.maxi.ca/m-diterran-e-black-cherry-9-mf-yogurt/p/20788062001_EA", "Sub Category": null, "English Name": "M\u00e9diterran\u00e9e Black Cherry 9% MF Yogurt", "Size": "500 g", "Size Label": "ea"}, {"Category": "Yogurt", "Aisle": "Dairy & Eggs", "Sku": "20830628001_EA", "Regular Price": "None", "Sale Price": "3.99", "Image": "https://assets.shop.loblaws.ca/products/20830628001/b1/en/front/20830628001_front_a01_@2.png", "Brand": "President's Choice", "Url": "https://www.maxi.ca/strawberry-0-m-f-greek-yogurt/p/20830628001_EA", "Sub Category": null, "English Name": "Strawberry 0% M.F. Greek Yogurt ", "Size": "4x100.0 g", "Size Label": "ea"}, {"Category": "Yogurt", "Aisle": "Dairy & Eggs", "Sku": "20609583003_EA", "Regular Price": "None", "Sale Price": "5.29", "Image": "https://assets.shop.loblaws.ca/products/20609583003/b1/en/front/20609583003_front_a01_@2.png", "Brand": "IOGO", "Url": "https://www.maxi.ca/yogurt-duo-pineapple-coconut-banana-raspberry-oran/p/20609583003_EA", "Sub Category": null, "English Name": "Yogurt Duo, Pineapple-Coconut-Banana, Raspberry, Orange-Mandarin, Peach-Mango", "Size": "16x100.0 g", "Size Label": "ea"}, {"Category": "Yogurt", "Aisle": "Dairy & Eggs", "Sku": "21547564_EA", "Regular Price": "None", "Sale Price": "4.99", "Image": "https://assets.shop.loblaws.ca/products/21547564/b1/en/front/21547564_front_a01_@2.png", "Brand": "Liberte", "Url": "https://www.maxi.ca/m-diterran-e-yogourt-key-lime-pie-9-m-f/p/21547564_EA", "Sub Category": null, "English Name": "M\u00e9diterran\u00e9e Yogourt Key Lime Pie 9 % M.F.", "Size": "500 g", "Size Label": "ea"}, {"Category": "Yogurt", "Aisle": "Dairy & Eggs", "Sku": "21473714_EA", "Regular Price": "None", "Sale Price": "4.99", "Image": "https://assets.shop.loblaws.ca/products/21473714/b1/en/front/21473714_front_a01_@2.png", "Brand": "Liberte", "Url": "https://www.maxi.ca/m-diterran-e-raspbery-cheesecake-9-mf-yogurt/p/21473714_EA", "Sub Category": null, "English Name": "M\u00e9diterran\u00e9e Raspbery Cheesecake 9%MF Yogurt", "Size": "500 g", "Size Label": "ea"}, {"Category": "Yogurt", "Aisle": "Dairy & Eggs", "Sku": "20609583002_EA", "Regular Price": "None", "Sale Price": "5.29", "Image": "https://assets.shop.loblaws.ca/products/20609583002/b1/en/front/20609583002_front_a01_@2.png", "Brand": "IOGO", "Url": "https://www.maxi.ca/yogurt-duo-strawberry-shortcake-lemon-pie-cr-me-ca/p/20609583002_EA", "Sub Category": null, "English Name": "Yogurt, Duo, Strawberry Shortcake Lemon Pie Cr\u00e8me Caramel Moccacino.", "Size": "16x100.0 g", "Size Label": "ea"}, {"Category": "Yogurt", "Aisle": "Dairy & Eggs", "Sku": "21497499_EA", "Regular Price": "None", "Sale Price": "6.49", "Image": "https://assets.shop.loblaws.ca/products/21497499/b1/en/front/21497499_front_a01_@2.png", "Brand": "Riviera", "Url": "https://www.maxi.ca/oat-based-vegan-delight-strawberry/p/21497499_EA", "Sub Category": null, "English Name": "Oat Based Vegan Delight Strawberry", "Size": "500 g", "Size Label": "ea"}, {"Category": "Yogurt", "Aisle": "Dairy & Eggs", "Sku": "21348601_EA", "Regular Price": "None", "Sale Price": "2.29", "Image": "https://assets.shop.loblaws.ca/products/21348601/b1/en/front/21348601_front_a01_@2.png", "Brand": "Activia", "Url": "https://www.maxi.ca/probiotic-smoothie-mango-peach-carrot-drinkable-yo/p/21348601_EA", "Sub Category": null, "English Name": "Probiotic Smoothie, Mango, Peach & Carrot, Drinkable Yogurt", "Size": "190 ml", "Size Label": "ea"}, {"Category": "Yogurt", "Aisle": "Dairy & Eggs", "Sku": "21497497_EA", "Regular Price": "None", "Sale Price": "6.49", "Image": "https://assets.shop.loblaws.ca/products/21497497/b1/en/front/21497497_front_a01_@2.png", "Brand": "Riviera", "Url": "https://www.maxi.ca/oat-based-vegan-delight-plain/p/21497497_EA", "Sub Category": null, "English Name": "Oat Based Vegan Delight Plain", "Size": "650 g", "Size Label": "ea"}, {"Category": "Yogurt", "Aisle": "Dairy & Eggs", "Sku": "21032618_EA", "Regular Price": "None", "Sale Price": "4.59", "Image": "https://assets.shop.loblaws.ca/products/21032618/b1/en/front/21032618_front_a01_@2.png", "Brand": "President's Choice", "Url": "https://www.maxi.ca/plain-skyr-icelandic-style-4-m-f-yogurt/p/21032618_EA", "Sub Category": null, "English Name": "Plain Skyr Icelandic Style 4% M.F. Yogurt", "Size": "500 g", "Size Label": "ea"}, {"Category": "Yogurt", "Aisle": "Dairy & Eggs", "Sku": "20996281_EA", "Regular Price": "None", "Sale Price": "6.99", "Image": "https://assets.shop.loblaws.ca/products/20996281/b1/en/front/20996281_front_a01_@2.png", "Brand": "Silk", "Url": "https://www.maxi.ca/dairy-free-plant-based-coconut-yogurt-vanilla-unsw/p/20996281_EA", "Sub Category": null, "English Name": "Dairy Free Plant Based Coconut Yogurt, Vanilla, Unsweetened", "Size": "680 g", "Size Label": "ea"}, {"Category": "Yogurt", "Aisle": "Dairy & Eggs", "Sku": "20685773002_EA", "Regular Price": "None", "Sale Price": "3.19", "Image": "https://assets.shop.loblaws.ca/products/20685773002/b1/en/front/20685773002_front_a01_@2.png", "Brand": "No Name", "Url": "https://www.maxi.ca/strawberry-stirred-0-m-f-yogurt/p/20685773002_EA", "Sub Category": null, "English Name": "Strawberry Stirred 0% M.F. Yogurt", "Size": "650 g", "Size Label": "ea"}, {"Category": "Yogurt", "Aisle": "Dairy & Eggs", "Sku": "21043151001_EA", "Regular Price": "3.69", "Sale Price": "3.49", "Image": "https://assets.shop.loblaws.ca/products/21043151001/b1/en/front/21043151001_front_a01_@2.png", "Brand": "Activia", "Url": "https://www.maxi.ca/yogurt-with-probiotics-plain-3-2-m-f/p/21043151001_EA", "Sub Category": null, "English Name": "Yogurt With Probiotics, Plain 3.2% M/F.", "Size": "650 g", "Size Label": "ea"}, {"Category": "Yogurt", "Aisle": "Dairy & Eggs", "Sku": "20309798_EA", "Regular Price": "None", "Sale Price": "4.79", "Image": "https://assets.shop.loblaws.ca/products/20309798/b1/en/front/20309798_front_a01_@2.png", "Brand": "Astro", "Url": "https://www.maxi.ca/smooth-n-fruity-strawberry-blueberry-cherry/p/20309798_EA", "Sub Category": null, "English Name": "Smooth 'n Fruity Strawberry Blueberry Cherry", "Size": "12x100.0 g", "Size Label": "ea"}, {"Category": "Yogurt", "Aisle": "Dairy & Eggs", "Sku": "21043168_EA", "Regular Price": "None", "Sale Price": "6.79", "Image": "https://assets.shop.loblaws.ca/products/21043168/b1/en/front/21043168_front_a01_@2.png", "Brand": "Activia", "Url": "https://www.maxi.ca/probiotic-yogurt-strawberry-wildberry-mango-flavou/p/21043168_EA", "Sub Category": null, "English Name": "Probiotic Yogurt, Strawberry/Wildberry/Mango Flavour", "Size": "12x100.0 g", "Size Label": "ea"}, {"Category": "Yogurt", "Aisle": "Dairy & Eggs", "Sku": "20685942_EA", "Regular Price": "None", "Sale Price": "3.19", "Image": "https://assets.shop.loblaws.ca/products/20685942/b1/en/front/20685942_front_a01_@2.png", "Brand": "No Name", "Url": "https://www.maxi.ca/plain-stirred-0-m-f-yogurt/p/20685942_EA", "Sub Category": null, "English Name": "Plain Stirred 0% M.F. Yogurt", "Size": "750 g", "Size Label": "ea"}, {"Category": "Yogurt", "Aisle": "Dairy & Eggs", "Sku": "21520273_EA", "Regular Price": "None", "Sale Price": "5.79", "Image": "https://assets.shop.loblaws.ca/products/21520273/b1/en/front/21520273_front_a01_@2.png", "Brand": "Activia", "Url": "https://www.maxi.ca/immune-system-probiotic-drinkable-yogurt-vanilla-8/p/21520273_EA", "Sub Category": null, "English Name": "Immune System, Probiotic Drinkable Yogurt, Vanilla, 8 Bottles", "Size": "744 ml", "Size Label": "ea"}, {"Category": "Yogurt", "Aisle": "Dairy & Eggs", "Sku": "20606778002_EA", "Regular Price": "None", "Sale Price": "5.29", "Image": "https://assets.shop.loblaws.ca/products/20606778002/b1/en/front/20606778002_front_a01_@2.png", "Brand": "IOGO", "Url": "https://www.maxi.ca/fat-free-yogurt-strawberry-blueberry-peach-vanilla/p/20606778002_EA", "Sub Category": null, "English Name": "Fat Free Yogurt, Strawberry, Blueberry, Peach, Vanilla", "Size": "16x100.0 g", "Size Label": "ea"}, {"Category": "Yogurt", "Aisle": "Dairy & Eggs", "Sku": "21305945_EA", "Regular Price": "None", "Sale Price": "7.29", "Image": "https://assets.shop.loblaws.ca/products/21305945/b1/en/front/21305945_front_a01_@2.png", "Brand": "Oikos", "Url": "https://www.maxi.ca/fat-free-greek-yogurt-high-protein-plain-0-m-f/p/21305945_EA", "Sub Category": null, "English Name": "Fat Free Greek Yogurt, High Protein, Plain, 0% M.F.", "Size": "650 g", "Size Label": "ea"}, {"Category": "Yogurt", "Aisle": "Dairy & Eggs", "Sku": "20699925001_EA", "Regular Price": "None", "Sale Price": "5.99", "Image": "https://assets.shop.loblaws.ca/products/20699925001/b1/en/front/20699925001_front_a01_@2.png", "Brand": "President's Choice", "Url": "https://www.maxi.ca/creamy-naturally-flavoured-stirred-yogurt-cups/p/20699925001_EA", "Sub Category": null, "English Name": "Creamy Naturally Flavoured Stirred Yogurt Cups", "Size": "16x100.0 g", "Size Label": "ea"}, {"Category": "Yogurt", "Aisle": "Dairy & Eggs", "Sku": "21550408_EA", "Regular Price": "None", "Sale Price": "10.99", "Image": "https://assets.shop.loblaws.ca/products/21550408/b1/en/front/21550408_front_a01_@2.png", "Brand": "Yoplait", "Url": "https://www.maxi.ca/yop-drinkable-yogurt-1-m-f/p/21550408_EA", "Sub Category": null, "English Name": "Yop Drinkable Yogurt 1 % M.F.", "Size": "2400 ml", "Size Label": "ea"}, {"Category": "Yogurt", "Aisle": "Dairy & Eggs", "Sku": "21430923_EA", "Regular Price": "None", "Sale Price": "8.99", "Image": "https://assets.shop.loblaws.ca/products/21430923/b1/en/front/21430923_front_a01_@2.png", "Brand": "Liberte", "Url": "https://www.maxi.ca/greek-vanilla-large-size-2-m-f-yogourt/p/21430923_EA", "Sub Category": null, "English Name": "Greek Vanilla Large Size 2 % M.F. Yogourt", "Size": "1 kg", "Size Label": "ea"}, {"Category": "Yogurt", "Aisle": "Dairy & Eggs", "Sku": "21353463_EA", "Regular Price": "None", "Sale Price": "7.29", "Image": "https://assets.shop.loblaws.ca/products/21353463/b1/en/front/21353463_front_a01_@2.png", "Brand": "Liberte", "Url": "https://www.maxi.ca/grk-ex-crm-vanilla-5/p/21353463_EA", "Sub Category": null, "English Name": "Grk Ex Crm Vanilla 5%", "Size": "650 g", "Size Label": "ea"}, {"Category": "Yogurt", "Aisle": "Dairy & Eggs", "Sku": "20317317002_EA", "Regular Price": "None", "Sale Price": "5.49", "Image": "https://assets.shop.loblaws.ca/products/20317317002/b1/en/front/20317317002_front_a01_@2.png", "Brand": "Yoplait", "Url": "https://www.maxi.ca/source-blueberry-strawberry-blackberry-nectarine-0/p/20317317002_EA", "Sub Category": null, "English Name": "Source Blueberry/Strawberry/Blackberry/Nectarine  0% MF Yogurt", "Size": "16x100.0 g", "Size Label": "ea"}, {"Category": "Yogurt", "Aisle": "Dairy & Eggs", "Sku": "20665622001_EA", "Regular Price": "None", "Sale Price": "4.99", "Image": "https://assets.shop.loblaws.ca/products/20665622001/b1/en/front/20665622001_front_a01_@2.png", "Brand": "Liberte", "Url": "https://www.maxi.ca/greek-vanilla-0-mf-yogurt/p/20665622001_EA", "Sub Category": null, "English Name": "Greek Vanilla 0% MF Yogurt", "Size": "4x100.0 g", "Size Label": "ea"}, {"Category": "Yogurt", "Aisle": "Dairy & Eggs", "Sku": "21547597_EA", "Regular Price": "None", "Sale Price": "3.29", "Image": "https://assets.shop.loblaws.ca/products/21547597/b1/en/front/21547597_front_a01_@2.png", "Brand": "Yoplait", "Url": "https://www.maxi.ca/tubes-yogurt-raspberry-flavour-1-m-f/p/21547597_EA", "Sub Category": null, "English Name": "Tubes Yogurt Raspberry Flavour 1% M.F.", "Size": "448 g", "Size Label": "ea"}, {"Category": "Yogurt", "Aisle": "Dairy & Eggs", "Sku": "21201434_EA", "Regular Price": "None", "Sale Price": "6.49", "Image": "https://assets.shop.loblaws.ca/products/21201434/b1/en/front/21201434_front_a01_@2.png", "Brand": "Riviera", "Url": "https://www.maxi.ca/coconut-milk-vegan-yogurt-raspberry-blackcurrant/p/21201434_EA", "Sub Category": null, "English Name": "Coconut Milk Vegan Yogurt - Raspberry Blackcurrant", "Size": "500 g", "Size Label": "ea"}, {"Category": "Yogurt", "Aisle": "Dairy & Eggs", "Sku": "21518093_EA", "Regular Price": "None", "Sale Price": "5.00", "Image": "https://assets.shop.loblaws.ca/products/21518093/b1/en/front/21518093_front_a01_@2.png", "Brand": "President's Choice", "Url": "https://www.maxi.ca/plain-greek-yogurt-5/p/21518093_EA", "Sub Category": null, "English Name": "Plain Greek Yogurt 5%", "Size": "650 g", "Size Label": "ea"}, {"Category": "Yogurt", "Aisle": "Dairy & Eggs", "Sku": "20941009_EA", "Regular Price": "None", "Sale Price": "4.59", "Image": "https://assets.shop.loblaws.ca/products/20941009/b1/en/front/20941009_front_a01_@2.png", "Brand": "President's Choice", "Url": "https://www.maxi.ca/vanilla-skyr-icelandic-style-0-m-f-yogurt/p/20941009_EA", "Sub Category": null, "English Name": "Vanilla Skyr Icelandic Style 0% M.F. Yogurt", "Size": "500 g", "Size Label": "ea"}, {"Category": "Yogurt", "Aisle": "Dairy & Eggs", "Sku": "21216409_EA", "Regular Price": "None", "Sale Price": "5.49", "Image": "https://assets.shop.loblaws.ca/products/21216409/b1/en/front/21216409_front_a01_@2.png", "Brand": "Liberte", "Url": "https://www.maxi.ca/k-fir-1-mf-strawberry/p/21216409_EA", "Sub Category": null, "English Name": "K\u00e9fir 1% MF Strawberry", "Size": "1000 ml", "Size Label": "ea"}, {"Category": "Yogurt", "Aisle": "Dairy & Eggs", "Sku": "21547567_EA", "Regular Price": "None", "Sale Price": "4.99", "Image": "https://assets.shop.loblaws.ca/products/21547567/b1/en/front/21547567_front_a01_@2.png", "Brand": "Liberte", "Url": "https://www.maxi.ca/m-diterran-e-yogourt-mango-9-m-f/p/21547567_EA", "Sub Category": null, "English Name": "M\u00e9diterran\u00e9e Yogourt Mango 9 % M.F.", "Size": "500 g", "Size Label": "ea"}, {"Category": "Yogurt", "Aisle": "Dairy & Eggs", "Sku": "21193614_EA", "Regular Price": "None", "Sale Price": "3.99", "Image": "https://assets.shop.loblaws.ca/products/21193614/b1/en/front/21193614_front_a01_@2.png", "Brand": "Liberte", "Url": "https://www.maxi.ca/vanilla-2-9-mf-yogurt/p/21193614_EA", "Sub Category": null, "English Name": "Vanilla 2.9% MF Yogurt", "Size": "650 g", "Size Label": "ea"}, {"Category": "Yogurt", "Aisle": "Dairy & Eggs", "Sku": "21430950_EA", "Regular Price": "None", "Sale Price": "7.29", "Image": "https://assets.shop.loblaws.ca/products/21430950/b1/en/front/21430950_front_a01_@2.png", "Brand": "Liberte", "Url": "https://www.maxi.ca/vanilla-large-size-9-m-f-yogourt/p/21430950_EA", "Sub Category": null, "English Name": "Vanilla Large Size 9 % M.F. Yogourt", "Size": "900 g", "Size Label": "ea"}, {"Category": "Yogurt", "Aisle": "Dairy & Eggs", "Sku": "21547629_EA", "Regular Price": "None", "Sale Price": "3.29", "Image": "https://assets.shop.loblaws.ca/products/21547629/b1/en/front/21547629_front_a01_@2.png", "Brand": "Yoplait", "Url": "https://www.maxi.ca/tubes-yogurt-1-m-f-strawberry-banana-fruit-punch/p/21547629_EA", "Sub Category": null, "English Name": "Tubes Yogurt 1% M.F. Strawberry Banana & Fruit Punch", "Size": "448 g", "Size Label": "ea"}, {"Category": "Yogurt", "Aisle": "Dairy & Eggs", "Sku": "20796737_EA", "Regular Price": "None", "Sale Price": "3.49", "Image": "https://assets.shop.loblaws.ca/products/20796737/b1/en/front/20796737_front_a01_@2.png", "Brand": "President's Choice", "Url": "https://www.maxi.ca/lactose-free-plain-2-m-f-yogurt/p/20796737_EA", "Sub Category": null, "English Name": "Lactose Free Plain 2%  M.F. Yogurt", "Size": "750 g", "Size Label": "ea"}, {"Category": "Non-Dairy Milk Alternatives", "Aisle": "Dairy & Eggs", "Sku": "20328231002_EA", "Regular Price": "None", "Sale Price": "4.99", "Image": "https://assets.shop.loblaws.ca/products/20328231002/b1/en/front/20328231002_front_a01_@2.png", "Brand": "Silk", "Url": "https://www.maxi.ca/almond-beverage-unsweetened-original-dairy-free/p/20328231002_EA", "Sub Category": null, "English Name": "Almond Beverage, Unsweetened Original, Dairy-Free", "Size": "1.89 l", "Size Label": "ea"}, {"Category": "Non-Dairy Milk Alternatives", "Aisle": "Dairy & Eggs", "Sku": "21037796_EA", "Regular Price": "4.79", "Sale Price": "3.79", "Image": "https://assets.shop.loblaws.ca/products/21037796/b1/en/front/21037796_front_a01_@2.png", "Brand": "Earths Own", "Url": "https://www.maxi.ca/oat-beverage-original/p/21037796_EA", "Sub Category": null, "English Name": "Oat Beverage, Original", "Size": "1.75 l", "Size Label": "ea"}, {"Category": "Non-Dairy Milk Alternatives", "Aisle": "Dairy & Eggs", "Sku": "20328231004_EA", "Regular Price": "None", "Sale Price": "4.99", "Image": "https://assets.shop.loblaws.ca/products/20328231004/b1/en/front/20328231004_front_a01_@2.png", "Brand": "Silk", "Url": "https://www.maxi.ca/almond-beverage-unsweetened-vanilla-flavour-dairy/p/20328231004_EA", "Sub Category": null, "English Name": "Almond Beverage, Unsweetened, Vanilla Flavour, Dairy-Free", "Size": "1.89 l", "Size Label": "ea"}, {"Category": "Non-Dairy Milk Alternatives", "Aisle": "Dairy & Eggs", "Sku": "20308979_EA", "Regular Price": "None", "Sale Price": "4.99", "Image": "https://assets.shop.loblaws.ca/products/20308979/b1/en/front/20308979_front_a01_@2.png", "Brand": "Silk", "Url": "https://www.maxi.ca/organic-soy-beverage-unsweetened-original-dairy-fr/p/20308979_EA", "Sub Category": null, "English Name": "Organic Soy Beverage, Unsweetened Original, Dairy-Free", "Size": "1.89 l", "Size Label": "ea"}, {"Category": "Non-Dairy Milk Alternatives", "Aisle": "Dairy & Eggs", "Sku": "20327647_EA", "Regular Price": "4.00", "Sale Price": "3.79", "Image": "https://assets.shop.loblaws.ca/products/20327647/b1/en/front/20327647_front_a01_@2.png", "Brand": "Earths Own", "Url": "https://www.maxi.ca/almond-beverage-unsweetened-original/p/20327647_EA", "Sub Category": null, "English Name": "Almond Beverage, Unsweetened Original ", "Size": "1.89 l", "Size Label": "ea"}, {"Category": "Non-Dairy Milk Alternatives", "Aisle": "Dairy & Eggs", "Sku": "20315090001_EA", "Regular Price": "None", "Sale Price": "4.99", "Image": "https://assets.shop.loblaws.ca/products/20315090001/b1/en/front/20315090001_front_a01_@2.png", "Brand": "Silk", "Url": "https://www.maxi.ca/almond-beverage-original-plant-based-dairy-free-mi/p/20315090001_EA", "Sub Category": null, "English Name": "Almond Beverage, Original, Plant Based Dairy-Free Milk", "Size": "1.89 l", "Size Label": "ea"}, {"Category": "Non-Dairy Milk Alternatives", "Aisle": "Dairy & Eggs", "Sku": "21243598_EA", "Regular Price": "None", "Sale Price": "4.99", "Image": "https://assets.shop.loblaws.ca/products/21243598/b1/en/front/21243598_front_a01_@2.png", "Brand": "Silk", "Url": "https://www.maxi.ca/oat-beverage-unsweetened-plant-based-dairy-free/p/21243598_EA", "Sub Category": null, "English Name": "Oat Beverage, Unsweetened, Plant Based, Dairy Free", "Size": "1.75 l", "Size Label": "ea"}, {"Category": "Non-Dairy Milk Alternatives", "Aisle": "Dairy & Eggs", "Sku": "21037799_EA", "Regular Price": "None", "Sale Price": "3.79", "Image": "https://assets.shop.loblaws.ca/products/21037799/b1/en/front/21037799_front_a01_@2.png", "Brand": "Earths Own", "Url": "https://www.maxi.ca/oat-beverage-vanilla/p/21037799_EA", "Sub Category": null, "English Name": "Oat Beverage, Vanilla", "Size": "1.75 l", "Size Label": "ea"}, {"Category": "Non-Dairy Milk Alternatives", "Aisle": "Dairy & Eggs", "Sku": "20328231001_EA", "Regular Price": "None", "Sale Price": "4.99", "Image": "https://assets.shop.loblaws.ca/products/20328231001/b1/en/front/20328231001_front_a01_@2.png", "Brand": "Silk", "Url": "https://www.maxi.ca/almond-beverage-dark-chocolate-flavour/p/20328231001_EA", "Sub Category": null, "English Name": "Almond Beverage, Dark Chocolate Flavour", "Size": "1.89 l", "Size Label": "ea"}, {"Category": "Non-Dairy Milk Alternatives", "Aisle": "Dairy & Eggs", "Sku": "21179478_EA", "Regular Price": "None", "Sale Price": "6.29", "Image": "https://assets.shop.loblaws.ca/products/21179478/b1/en/front/21179478_front_a01_@2.png", "Brand": "Earths Own", "Url": "https://www.maxi.ca/oat-barista/p/21179478_EA", "Sub Category": null, "English Name": "Oat Barista", "Size": "946 ml", "Size Label": "ea"}, {"Category": "Non-Dairy Milk Alternatives", "Aisle": "Dairy & Eggs", "Sku": "20436299_EA", "Regular Price": "None", "Sale Price": "4.99", "Image": "https://assets.shop.loblaws.ca/products/20436299/b1/en/front/20436299_front_a01_@2.png", "Brand": "Silk", "Url": "https://www.maxi.ca/almond-beverage-vanilla-flavour-dairy-free/p/20436299_EA", "Sub Category": null, "English Name": "Almond Beverage, Vanilla Flavour, Dairy-Free", "Size": "1.89 l", "Size Label": "ea"}, {"Category": "Non-Dairy Milk Alternatives", "Aisle": "Dairy & Eggs", "Sku": "20124384001_EA", "Regular Price": "None", "Sale Price": "4.99", "Image": "https://assets.shop.loblaws.ca/products/20124384001/b1/en/front/20124384001_front_a01_@2.png", "Brand": "Silk", "Url": "https://www.maxi.ca/organic-soy-beverage-original-dairy-free/p/20124384001_EA", "Sub Category": null, "English Name": "Organic Soy Beverage, Original, Dairy-Free", "Size": "1.89 l", "Size Label": "ea"}, {"Category": "Non-Dairy Milk Alternatives", "Aisle": "Dairy & Eggs", "Sku": "20863698_EA", "Regular Price": "None", "Sale Price": "4.99", "Image": "https://assets.shop.loblaws.ca/products/20863698/b1/en/front/20863698_front_a01_@2.png", "Brand": "Silk", "Url": "https://www.maxi.ca/creamy-cashew-beverage-unsweetened-original-dairy/p/20863698_EA", "Sub Category": null, "English Name": "Creamy Cashew Beverage, Unsweetened Original, Dairy-Free", "Size": "1.89 l", "Size Label": "ea"}, {"Category": "Non-Dairy Milk Alternatives", "Aisle": "Dairy & Eggs", "Sku": "21196119_EA", "Regular Price": "None", "Sale Price": "4.99", "Image": "https://assets.shop.loblaws.ca/products/21196119/b1/en/front/21196119_front_a01_@2.png", "Brand": "Silk", "Url": "https://www.maxi.ca/dairy-free-plant-based-oat-beverage-original-plain/p/21196119_EA", "Sub Category": null, "English Name": "Dairy Free Plant Based Oat Beverage, Original, Plain", "Size": "1.75 l", "Size Label": "ea"}, {"Category": "Non-Dairy Milk Alternatives", "Aisle": "Dairy & Eggs", "Sku": "20913872_EA", "Regular Price": "4.00", "Sale Price": "3.79", "Image": "https://assets.shop.loblaws.ca/products/20913872/b1/en/front/20913872_front_a01_@2.png", "Brand": "Earths Own", "Url": "https://www.maxi.ca/almond-beverage-unsweetened-vanilla/p/20913872_EA", "Sub Category": null, "English Name": "Almond Beverage, Unsweetened Vanilla", "Size": "1.89 l", "Size Label": "ea"}, {"Category": "Non-Dairy Milk Alternatives", "Aisle": "Dairy & Eggs", "Sku": "21109025_EA", "Regular Price": "3.49", "Sale Price": "2.99", "Image": "https://assets.shop.loblaws.ca/products/21109025/b1/en/front/21109025_front_a01_@2.png", "Brand": "So Fresh", "Url": "https://www.maxi.ca/oat-beverage-original/p/21109025_EA", "Sub Category": null, "English Name": "Oat Beverage, Original", "Size": "946 ml", "Size Label": "ea"}, {"Category": "Non-Dairy Milk Alternatives", "Aisle": "Dairy & Eggs", "Sku": "20555265002_EA", "Regular Price": "None", "Sale Price": "2.99", "Image": "https://assets.shop.loblaws.ca/products/20555265002/b1/en/front/20555265002_front_a01_@2.png", "Brand": "Silk", "Url": "https://www.maxi.ca/almond-beverage-unsweetened-dairy-free-shelf-stabl/p/20555265002_EA", "Sub Category": null, "English Name": "Almond Beverage, Unsweetened, Dairy-Free, Shelf Stable", "Size": "946 ml", "Size Label": "ea"}, {"Category": "Non-Dairy Milk Alternatives", "Aisle": "Dairy & Eggs", "Sku": "20299698001_EA", "Regular Price": "4.00", "Sale Price": "3.79", "Image": "https://assets.shop.loblaws.ca/products/20299698001/b1/en/front/20299698001_front_a01_@2.png", "Brand": "Earths Own", "Url": "https://www.maxi.ca/almond-beverage-original/p/20299698001_EA", "Sub Category": null, "English Name": "Almond Beverage, Original ", "Size": "1.89 l", "Size Label": "ea"}, {"Category": "Non-Dairy Milk Alternatives", "Aisle": "Dairy & Eggs", "Sku": "21179354_EA", "Regular Price": "None", "Sale Price": "3.79", "Image": "https://assets.shop.loblaws.ca/products/21179354/b1/en/front/21179354_front_a01_@2.png", "Brand": "Earths Own", "Url": "https://www.maxi.ca/oat-beverage-chocolate/p/21179354_EA", "Sub Category": null, "English Name": "Oat Beverage, Chocolate", "Size": "1.75 l", "Size Label": "ea"}, {"Category": "Non-Dairy Milk Alternatives", "Aisle": "Dairy & Eggs", "Sku": "20283063001_EA", "Regular Price": "None", "Sale Price": "2.99", "Image": "https://assets.shop.loblaws.ca/products/20283063001/b1/en/front/20283063001_front_a01_@2.png", "Brand": "Natura", "Url": "https://www.maxi.ca/natur-a-soy-chocolate-beverage-mini/p/20283063001_EA", "Sub Category": null, "English Name": "Natur-A Soy Chocolate Beverage - Mini", "Size": "3x200.0 ml", "Size Label": "ea"}, {"Category": "Non-Dairy Milk Alternatives", "Aisle": "Dairy & Eggs", "Sku": "20299698002_EA", "Regular Price": "4.00", "Sale Price": "3.79", "Image": "https://assets.shop.loblaws.ca/products/20299698002/b1/en/front/20299698002_front_a01_@2.png", "Brand": "Earths Own", "Url": "https://www.maxi.ca/almond-beverage-vanilla/p/20299698002_EA", "Sub Category": null, "English Name": "Almond Beverage, Vanilla", "Size": "1.89 l", "Size Label": "ea"}, {"Category": "Non-Dairy Milk Alternatives", "Aisle": "Dairy & Eggs", "Sku": "20299698003_EA", "Regular Price": "4.00", "Sale Price": "3.79", "Image": "https://assets.shop.loblaws.ca/products/20299698003/b1/en/front/20299698003_front_a01_@2.png", "Brand": "Earths Own", "Url": "https://www.maxi.ca/almond-beverage-chocolate/p/20299698003_EA", "Sub Category": null, "English Name": "Almond Beverage, Chocolate", "Size": "1.89 l", "Size Label": "ea"}, {"Category": "Non-Dairy Milk Alternatives", "Aisle": "Dairy & Eggs", "Sku": "20107219004_EA", "Regular Price": "None", "Sale Price": "3.99", "Image": "https://assets.shop.loblaws.ca/products/20107219004/b1/en/front/20107219004_front_a01_@2.png", "Brand": "Blue Diamond", "Url": "https://www.maxi.ca/almond-breeze-natural-almond-unsweetened/p/20107219004_EA", "Sub Category": null, "English Name": "Almond Breeze Natural Almond, Unsweetened", "Size": "946 ml", "Size Label": "ea"}, {"Category": "Non-Dairy Milk Alternatives", "Aisle": "Dairy & Eggs", "Sku": "20666187_EA", "Regular Price": "None", "Sale Price": "2.99", "Image": "https://assets.shop.loblaws.ca/products/20666187/b1/en/front/20666187_front_a01_@2.png", "Brand": "So Nice", "Url": "https://www.maxi.ca/soy-barista/p/20666187_EA", "Sub Category": null, "English Name": " Soy Barista ", "Size": "946 ml", "Size Label": "ea"}, {"Category": "Non-Dairy Milk Alternatives", "Aisle": "Dairy & Eggs", "Sku": "20311173006_EA", "Regular Price": "None", "Sale Price": "2.69", "Image": "https://assets.shop.loblaws.ca/products/20311173006/b1/en/front/20311173006_front_a01_@2.png", "Brand": "Natura", "Url": "https://www.maxi.ca/unsweetened-enrich/p/20311173006_EA", "Sub Category": null, "English Name": "Unsweetened Enrich     ", "Size": "946 ml", "Size Label": "ea"}, {"Category": "Non-Dairy Milk Alternatives", "Aisle": "Dairy & Eggs", "Sku": "20264273_EA", "Regular Price": "None", "Sale Price": "3.99", "Image": "https://assets.shop.loblaws.ca/products/20264273/b1/en/front/20264273_front_a01_@2.png", "Brand": "Blue Diamond", "Url": "https://www.maxi.ca/almond-breeze-unsweetened-vanilla/p/20264273_EA", "Sub Category": null, "English Name": "Almond Breeze, Unsweetened Vanilla", "Size": "946 ml", "Size Label": "ea"}, {"Category": "Non-Dairy Milk Alternatives", "Aisle": "Dairy & Eggs", "Sku": "20283063003_EA", "Regular Price": "None", "Sale Price": "2.99", "Image": "https://assets.shop.loblaws.ca/products/20283063003/b1/en/front/20283063003_front_a01_@2.png", "Brand": "Natura", "Url": "https://www.maxi.ca/natur-a-soy-vanilla-beverage-mini/p/20283063003_EA", "Sub Category": null, "English Name": "Natur-A Soy Vanilla Beverage - Mini", "Size": "3x200.0 ml", "Size Label": "ea"}, {"Category": "Non-Dairy Milk Alternatives", "Aisle": "Dairy & Eggs", "Sku": "21108254_EA", "Regular Price": "3.49", "Sale Price": "2.99", "Image": "https://assets.shop.loblaws.ca/products/21108254/b1/en/front/21108254_front_a01_@2.png", "Brand": "So Fresh", "Url": "https://www.maxi.ca/oat-beverage-vanilla/p/21108254_EA", "Sub Category": null, "English Name": "Oat Beverage, Vanilla", "Size": "946 ml", "Size Label": "ea"}, {"Category": "Non-Dairy Milk Alternatives", "Aisle": "Dairy & Eggs", "Sku": "21309855_C01", "Regular Price": "None", "Sale Price": "14.99", "Image": "https://assets.shop.loblaws.ca/products/21309855/b1/en/front/21309855_front_a01_@2.png", "Brand": "Silk", "Url": "https://www.maxi.ca/almond-beverage-unsweetened-original-dairy-free/p/21309855_C01", "Sub Category": null, "English Name": "Almond Beverage, Unsweetened Original, Dairy-Free", "Size": "6x946.0 ml", "Size Label": "c01"}, {"Category": "Non-Dairy Milk Alternatives", "Aisle": "Dairy & Eggs", "Sku": "20122818001_EA", "Regular Price": "None", "Sale Price": "2.99", "Image": "https://assets.shop.loblaws.ca/products/20122818001/b1/en/front/20122818001_front_a01_@2.png", "Brand": "Natura", "Url": "https://www.maxi.ca/natur-a-rice-original/p/20122818001_EA", "Sub Category": null, "English Name": "Natur-A  Rice Original", "Size": "946 ml", "Size Label": "ea"}, {"Category": "Non-Dairy Milk Alternatives", "Aisle": "Dairy & Eggs", "Sku": "20311173003_EA", "Regular Price": "None", "Sale Price": "2.69", "Image": "https://assets.shop.loblaws.ca/products/20311173003/b1/en/front/20311173003_front_a01_@2.png", "Brand": "Natura", "Url": "https://www.maxi.ca/organic-soy-beverage-enriched-vanilla/p/20311173003_EA", "Sub Category": null, "English Name": "Organic Soy Beverage, Enriched Vanilla", "Size": "946 ml", "Size Label": "ea"}, {"Category": "Non-Dairy Milk Alternatives", "Aisle": "Dairy & Eggs", "Sku": "20302242003_EA", "Regular Price": "None", "Sale Price": "4.49", "Image": "https://assets.shop.loblaws.ca/products/20302242003/b1/en/front/20302242003_front_a01_@2.png", "Brand": "Sensational Soy", "Url": "https://www.maxi.ca/vanilla/p/20302242003_EA", "Sub Category": null, "English Name": "Vanilla", "Size": "1.89 l", "Size Label": "ea"}, {"Category": "Non-Dairy Milk Alternatives", "Aisle": "Dairy & Eggs", "Sku": "20664433002_EA", "Regular Price": "None", "Sale Price": "2.79", "Image": "https://assets.shop.loblaws.ca/products/20664433002/b1/en/front/20664433002_front_a01_@2.png", "Brand": "Natura", "Url": "https://www.maxi.ca/natur-a-enriched-almond-vanilla/p/20664433002_EA", "Sub Category": null, "English Name": "Natur-A Enriched Almond Vanilla", "Size": "946 ml", "Size Label": "ea"}, {"Category": "Non-Dairy Milk Alternatives", "Aisle": "Dairy & Eggs", "Sku": "21302800_EA", "Regular Price": "None", "Sale Price": "4.99", "Image": "https://assets.shop.loblaws.ca/products/21302800/b1/en/front/21302800_front_a01_@2.png", "Brand": "Sproud", "Url": "https://www.maxi.ca/plant-based-unsweetened-beverage/p/21302800_EA", "Sub Category": null, "English Name": "Plant Based Unsweetened Beverage   ", "Size": "1 l", "Size Label": "ea"}, {"Category": "Non-Dairy Milk Alternatives", "Aisle": "Dairy & Eggs", "Sku": "20299910001_EA", "Regular Price": "None", "Sale Price": "4.29", "Image": "https://assets.shop.loblaws.ca/products/20299910001/b1/en/front/20299910001_front_a01_@2.png", "Brand": "Natura", "Url": "https://www.maxi.ca/organic-soy-beverage-chocolate-omega-3/p/20299910001_EA", "Sub Category": null, "English Name": "Organic Soy Beverage, Chocolate Omega 3", "Size": "1.89 l", "Size Label": "ea"}, {"Category": "Non-Dairy Milk Alternatives", "Aisle": "Dairy & Eggs", "Sku": "20664433003_EA", "Regular Price": "None", "Sale Price": "2.79", "Image": "https://assets.shop.loblaws.ca/products/20664433003/b1/en/front/20664433003_front_a01_@2.png", "Brand": "Natura", "Url": "https://www.maxi.ca/natur-a-enriched-almond-unsweetened/p/20664433003_EA", "Sub Category": null, "English Name": "Natur-A Enriched Almond Unsweetened", "Size": "946 ml", "Size Label": "ea"}, {"Category": "Non-Dairy Milk Alternatives", "Aisle": "Dairy & Eggs", "Sku": "20302242004_EA", "Regular Price": "None", "Sale Price": "4.49", "Image": "https://assets.shop.loblaws.ca/products/20302242004/b1/en/front/20302242004_front_a01_@2.png", "Brand": "Sensational Soy", "Url": "https://www.maxi.ca/beverage-creamy-original/p/20302242004_EA", "Sub Category": null, "English Name": "Beverage Creamy Original", "Size": "1.89 l", "Size Label": "ea"}, {"Category": "Non-Dairy Milk Alternatives", "Aisle": "Dairy & Eggs", "Sku": "20664433001_EA", "Regular Price": "None", "Sale Price": "2.79", "Image": "https://assets.shop.loblaws.ca/products/20664433001/b1/en/front/20664433001_front_a01_@2.png", "Brand": "Natura", "Url": "https://www.maxi.ca/natur-a-enriched-almond-original/p/20664433001_EA", "Sub Category": null, "English Name": "Natur-A Enriched Almond Original", "Size": "946 ml", "Size Label": "ea"}, {"Category": "Non-Dairy Milk Alternatives", "Aisle": "Dairy & Eggs", "Sku": "20299910003_EA", "Regular Price": "None", "Sale Price": "4.29", "Image": "https://assets.shop.loblaws.ca/products/20299910003/b1/en/front/20299910003_front_a01_@2.png", "Brand": "Natura", "Url": "https://www.maxi.ca/organic-soy-beverage-vanilla-omega-3/p/20299910003_EA", "Sub Category": null, "English Name": "Organic Soy Beverage, Vanilla Omega 3", "Size": "1.89 l", "Size Label": "ea"}, {"Category": "Non-Dairy Milk Alternatives", "Aisle": "Dairy & Eggs", "Sku": "20311173002_EA", "Regular Price": "None", "Sale Price": "2.69", "Image": "https://assets.shop.loblaws.ca/products/20311173002/b1/en/front/20311173002_front_a01_@2.png", "Brand": "Natura", "Url": "https://www.maxi.ca/organic-soy-beverage-enriched-original/p/20311173002_EA", "Sub Category": null, "English Name": "Organic Soy Beverage, Enriched Original", "Size": "946 ml", "Size Label": "ea"}, {"Category": "Non-Dairy Milk Alternatives", "Aisle": "Dairy & Eggs", "Sku": "20311173001_EA", "Regular Price": "None", "Sale Price": "2.69", "Image": "https://assets.shop.loblaws.ca/products/20311173001/b1/en/front/20311173001_front_a01_@2.png", "Brand": "Natura", "Url": "https://www.maxi.ca/natur-a-soya-chocolate/p/20311173001_EA", "Sub Category": null, "English Name": "Natur-A Soya Chocolate", "Size": "946 ml", "Size Label": "ea"}, {"Category": "Non-Dairy Milk Alternatives", "Aisle": "Dairy & Eggs", "Sku": "20664433004_EA", "Regular Price": "None", "Sale Price": "2.79", "Image": "https://assets.shop.loblaws.ca/products/20664433004/b1/en/front/20664433004_front_a01_@2.png", "Brand": "Natura", "Url": "https://www.maxi.ca/natur-a-enriched-almond-chocolate/p/20664433004_EA", "Sub Category": null, "English Name": "Natur-A Enriched Almond Chocolate", "Size": "946 ml", "Size Label": "ea"}, {"Category": "Non-Dairy Milk Alternatives", "Aisle": "Dairy & Eggs", "Sku": "20302242005_EA", "Regular Price": "None", "Sale Price": "4.49", "Image": "https://assets.shop.loblaws.ca/products/20302242005/b1/en/front/20302242005_front_a01_@2.png", "Brand": "Sensational Soy", "Url": "https://www.maxi.ca/lucious-chocolate/p/20302242005_EA", "Sub Category": null, "English Name": "Lucious Chocolate", "Size": "1.89 l", "Size Label": "ea"}, {"Category": "Non-Dairy Milk Alternatives", "Aisle": "Dairy & Eggs", "Sku": "20649868001_EA", "Regular Price": "None", "Sale Price": "2.99", "Image": "https://assets.shop.loblaws.ca/products/20649868001/b1/en/front/20649868001_front_a01_@2.png", "Brand": "Silk", "Url": "https://www.maxi.ca/almond-beverage-original-dairy-free-shelf-stable/p/20649868001_EA", "Sub Category": null, "English Name": "Almond Beverage, Original, Dairy-Free, Shelf Stable", "Size": "946 ml", "Size Label": "ea"}, {"Category": "Non-Dairy Milk Alternatives", "Aisle": "Dairy & Eggs", "Sku": "20296599001_EA", "Regular Price": "None", "Sale Price": "3.99", "Image": "https://assets.shop.loblaws.ca/products/20296599001/b1/en/front/20296599001_front_a01_@2.png", "Brand": "Blue Diamond", "Url": "https://www.maxi.ca/almond-breeze-chocolate/p/20296599001_EA", "Sub Category": null, "English Name": "Almond Breeze, Chocolate", "Size": "946 ml", "Size Label": "ea"}, {"Category": "Non-Dairy Milk Alternatives", "Aisle": "Dairy & Eggs", "Sku": "20122818002_EA", "Regular Price": "None", "Sale Price": "2.99", "Image": "https://assets.shop.loblaws.ca/products/20122818002/b1/en/front/20122818002_front_a01_@2.png", "Brand": "Natura", "Url": "https://www.maxi.ca/natur-a-rice-vanilla/p/20122818002_EA", "Sub Category": null, "English Name": "Natur-A Rice Vanilla", "Size": "946 ml", "Size Label": "ea"}, {"Category": "Cereal & Breakfast", "Aisle": "Pantry", "Sku": "21103495_EA", "Regular Price": "None", "Sale Price": "5.49", "Image": "https://assets.shop.loblaws.ca/products/21103495/b1/en/front/21103495_front_a01_@2.png", "Brand": "General Mills", "Url": "https://www.maxi.ca/honey-nut-cheerios-breakfast-cereal-family-size-wh/p/21103495_EA", "Sub Category": null, "English Name": "Honey Nut Cheerios Breakfast Cereal, Family Size, Whole Grains", "Size": "725 g", "Size Label": "ea"}, {"Category": "Cereal & Breakfast", "Aisle": "Pantry", "Sku": "21449784_EA", "Regular Price": "6.99", "Sale Price": "5.49", "Image": "https://assets.shop.loblaws.ca/products/21449784/b1/en/front/21449784_front_a01_@2.png", "Brand": "Kelloggs", "Url": "https://www.maxi.ca/rice-krispies-original/p/21449784_EA", "Sub Category": null, "English Name": "Rice Krispies Original", "Size": "560 g", "Size Label": "ea"}, {"Category": "Cereal & Breakfast", "Aisle": "Pantry", "Sku": "21104047_EA", "Regular Price": "3.50", "Sale Price": "3.33", "Image": "https://assets.shop.loblaws.ca/products/21104047/b1/en/front/21104047_front_a01_@2.png", "Brand": "General Mills", "Url": "https://www.maxi.ca/honey-nut-cheerios-breakfast-cereal-whole-grains/p/21104047_EA", "Sub Category": null, "English Name": "Honey Nut Cheerios Breakfast Cereal, Whole Grains", "Size": "430 g", "Size Label": "ea"}, {"Category": "Cereal & Breakfast", "Aisle": "Pantry", "Sku": "21103503_EA", "Regular Price": "None", "Sale Price": "5.49", "Image": "https://assets.shop.loblaws.ca/products/21103503/b1/en/front/21103503_front_a01_@2.png", "Brand": "General Mills", "Url": "https://www.maxi.ca/multi-grain-cheerios-breakfast-cereal-family-size/p/21103503_EA", "Sub Category": null, "English Name": "Multi Grain Cheerios Breakfast Cereal, Family Size, Whole Grains", "Size": "585 g", "Size Label": "ea"}, {"Category": "Cereal & Breakfast", "Aisle": "Pantry", "Sku": "21219824_EA", "Regular Price": "5.29", "Sale Price": "3.49", "Image": "https://assets.shop.loblaws.ca/products/21219824/b1/en/front/21219824_front_a01_@2.png", "Brand": "Quaker", "Url": "https://www.maxi.ca/harvest-crunch-original-granola-cereal/p/21219824_EA", "Sub Category": null, "English Name": "Harvest Crunch Original Granola Cereal", "Size": "475 g", "Size Label": "ea"}, {"Category": "Cereal & Breakfast", "Aisle": "Pantry", "Sku": "21430738_EA", "Regular Price": "7.49", "Sale Price": "5.49", "Image": "https://assets.shop.loblaws.ca/products/21430738/b1/en/front/21430738_front_a01_@2.png", "Brand": "Kelloggs", "Url": "https://www.maxi.ca/froot-loops/p/21430738_EA", "Sub Category": null, "English Name": "Froot Loops", "Size": "480 g", "Size Label": "ea"}, {"Category": "Cereal & Breakfast", "Aisle": "Pantry", "Sku": "21103499_EA", "Regular Price": "None", "Sale Price": "5.49", "Image": "https://assets.shop.loblaws.ca/products/21103499/b1/en/front/21103499_front_a01_@2.png", "Brand": "General Mills", "Url": "https://www.maxi.ca/original-cheerios-breakfast-cereal-family-size-who/p/21103499_EA", "Sub Category": null, "English Name": "Original Cheerios Breakfast Cereal, Family Size, Whole Grains", "Size": "570 g", "Size Label": "ea"}, {"Category": "Cereal & Breakfast", "Aisle": "Pantry", "Sku": "20591279_EA", "Regular Price": "None", "Sale Price": "4.99", "Image": "https://assets.shop.loblaws.ca/products/20591279/b1/en/front/20591279_front_a01_@2.png", "Brand": "Kelloggs", "Url": "https://www.maxi.ca/froot-loops-cereal/p/20591279_EA", "Sub Category": null, "English Name": "Froot Loops Cereal", "Size": "345 g", "Size Label": "ea"}, {"Category": "Cereal & Breakfast", "Aisle": "Pantry", "Sku": "21430748_EA", "Regular Price": "7.49", "Sale Price": "5.49", "Image": "https://assets.shop.loblaws.ca/products/21430748/b1/en/front/21430748_front_a01_@2.png", "Brand": "Kelloggs", "Url": "https://www.maxi.ca/mini-wheat-frosted-cereal/p/21430748_EA", "Sub Category": null, "English Name": "Mini Wheat Frosted Cereal", "Size": "650 g", "Size Label": "ea"}, {"Category": "Cereal & Breakfast", "Aisle": "Pantry", "Sku": "21450814_EA", "Regular Price": "None", "Sale Price": "4.99", "Image": "https://assets.shop.loblaws.ca/products/21450814/b1/en/front/21450814_front_a01_@2.png", "Brand": "Kelloggs", "Url": "https://www.maxi.ca/rice-krispies-cereal/p/21450814_EA", "Sub Category": null, "English Name": "Rice Krispies Cereal", "Size": "340 g", "Size Label": "ea"}, {"Category": "Cereal & Breakfast", "Aisle": "Pantry", "Sku": "21190254_EA", "Regular Price": "4.29", "Sale Price": "3.49", "Image": "https://assets.shop.loblaws.ca/products/21190254/b1/en/front/21190254_front_a01_@2.png", "Brand": "Quaker", "Url": "https://www.maxi.ca/maple-brown-sugar-flavour-instant-oatmeal/p/21190254_EA", "Sub Category": null, "English Name": "Maple & Brown Sugar Flavour Instant Oatmeal", "Size": "344 g", "Size Label": "ea"}, {"Category": "Cereal & Breakfast", "Aisle": "Pantry", "Sku": "20923828_EA", "Regular Price": "None", "Sale Price": "2.99", "Image": "https://assets.shop.loblaws.ca/products/20923828/b1/en/front/20923828_front_a01_@2.png", "Brand": "No Name", "Url": "https://www.maxi.ca/quick-100-whole-grain-oats/p/20923828_EA", "Sub Category": null, "English Name": "Quick 100% Whole Grain Oats", "Size": "1 kg", "Size Label": "ea"}, {"Category": "Cereal & Breakfast", "Aisle": "Pantry", "Sku": "21430755_EA", "Regular Price": "7.49", "Sale Price": "5.49", "Image": "https://assets.shop.loblaws.ca/products/21430755/b1/en/front/21430755_front_a01_@2.png", "Brand": "Kelloggs", "Url": "https://www.maxi.ca/raisin-bran-family-size-cereal/p/21430755_EA", "Sub Category": null, "English Name": "Raisin Bran Family Size Cereal", "Size": "625 g", "Size Label": "ea"}, {"Category": "Cereal & Breakfast", "Aisle": "Pantry", "Sku": "21449811_EA", "Regular Price": "7.49", "Sale Price": "5.49", "Image": "https://assets.shop.loblaws.ca/products/21449811/b1/en/front/21449811_front_a01_@2.png", "Brand": "Kelloggs", "Url": "https://www.maxi.ca/frosted-flakes-cereal-family-size/p/21449811_EA", "Sub Category": null, "English Name": "Frosted Flakes Cereal, Family Size", "Size": "580 g", "Size Label": "ea"}, {"Category": "Cereal & Breakfast", "Aisle": "Pantry", "Sku": "21104055_EA", "Regular Price": "3.50", "Sale Price": "3.33", "Image": "https://assets.shop.loblaws.ca/products/21104055/b1/en/front/21104055_front_a01_@2.png", "Brand": "General Mills", "Url": "https://www.maxi.ca/cinnamon-toast-crunch-breakfast-cereal-whole-grain/p/21104055_EA", "Sub Category": null, "English Name": "Cinnamon Toast Crunch Breakfast Cereal, Whole Grains and Real Cinnamon", "Size": "354 g", "Size Label": "ea"}, {"Category": "Cereal & Breakfast", "Aisle": "Pantry", "Sku": "21427214_EA", "Regular Price": "4.79", "Sale Price": "3.49", "Image": "https://assets.shop.loblaws.ca/products/21427214/b1/en/front/21427214_front_a01_@2.png", "Brand": "Post", "Url": "https://www.maxi.ca/shreddies-original-cereals/p/21427214_EA", "Sub Category": null, "English Name": "Shreddies Original Cereals", "Size": "440 g", "Size Label": "ea"}, {"Category": "Cereal & Breakfast", "Aisle": "Pantry", "Sku": "20842545_EA", "Regular Price": "None", "Sale Price": "4.99", "Image": "https://assets.shop.loblaws.ca/products/20842545/b1/en/front/20842545_front_a01_@2.png", "Brand": "Kelloggs", "Url": "https://www.maxi.ca/frosted-flakes-cereal/p/20842545_EA", "Sub Category": null, "English Name": "Frosted Flakes Cereal", "Size": "425 g", "Size Label": "ea"}, {"Category": "Cereal & Breakfast", "Aisle": "Pantry", "Sku": "21290111_EA", "Regular Price": "None", "Sale Price": "2.99", "Image": "https://assets.shop.loblaws.ca/products/21290111/b1/en/front/21290111_front_a01_@2.png", "Brand": "Kelloggs", "Url": "https://www.maxi.ca/pop-tarts-frosted-strawberry/p/21290111_EA", "Sub Category": null, "English Name": "Pop Tarts Frosted Strawberry", "Size": "384 g", "Size Label": "ea"}, {"Category": "Cereal & Breakfast", "Aisle": "Pantry", "Sku": "21104054_EA", "Regular Price": "3.50", "Sale Price": "3.33", "Image": "https://assets.shop.loblaws.ca/products/21104054/b1/en/front/21104054_front_a01_@2.png", "Brand": "General Mills", "Url": "https://www.maxi.ca/lucky-charms-breakfast-cereal-with-marshmallows-wh/p/21104054_EA", "Sub Category": null, "English Name": "Lucky Charms Breakfast Cereal with Marshmallows, Whole Grains", "Size": "300 g", "Size Label": "ea"}, {"Category": "Cereal & Breakfast", "Aisle": "Pantry", "Sku": "21104173_EA", "Regular Price": "3.50", "Sale Price": "3.33", "Image": "https://assets.shop.loblaws.ca/products/21104173/b1/en/front/21104173_front_a01_@2.png", "Brand": "General Mills", "Url": "https://www.maxi.ca/original-cheerios-breakfast-cereal-whole-grains/p/21104173_EA", "Sub Category": null, "English Name": "Original Cheerios Breakfast Cereal, Whole Grains", "Size": "350 g", "Size Label": "ea"}, {"Category": "Cereal & Breakfast", "Aisle": "Pantry", "Sku": "21450811_EA", "Regular Price": "6.99", "Sale Price": "5.49", "Image": "https://assets.shop.loblaws.ca/products/21450811/b1/en/front/21450811_front_a01_@2.png", "Brand": "Kelloggs", "Url": "https://www.maxi.ca/corn-flakes-family-size/p/21450811_EA", "Sub Category": null, "English Name": "Corn Flakes Family Size", "Size": "600 g", "Size Label": "ea"}, {"Category": "Cereal & Breakfast", "Aisle": "Pantry", "Sku": "21104058_EA", "Regular Price": "3.50", "Sale Price": "3.33", "Image": "https://assets.shop.loblaws.ca/products/21104058/b1/en/front/21104058_front_a01_@2.png", "Brand": "General Mills", "Url": "https://www.maxi.ca/multi-grain-cheerios-breakfast-cereal-whole-grains/p/21104058_EA", "Sub Category": null, "English Name": "Multi Grain Cheerios Breakfast Cereal, Whole Grains", "Size": "342 g", "Size Label": "ea"}, {"Category": "Cereal & Breakfast", "Aisle": "Pantry", "Sku": "21103505_EA", "Regular Price": "None", "Sale Price": "5.49", "Image": "https://assets.shop.loblaws.ca/products/21103505/b1/en/front/21103505_front_a01_@2.png", "Brand": "General Mills", "Url": "https://www.maxi.ca/lucky-charms-breakfast-cereal-with-marshmallows-fa/p/21103505_EA", "Sub Category": null, "English Name": "Lucky Charms Breakfast Cereal with Marshmallows, Family Size, Whole Grains", "Size": "526 g", "Size Label": "ea"}, {"Category": "Cereal & Breakfast", "Aisle": "Pantry", "Sku": "20054727_EA", "Regular Price": "7.49", "Sale Price": "5.49", "Image": "https://assets.shop.loblaws.ca/products/20054727/b1/en/front/20054727_front_a01_@2.png", "Brand": "Kelloggs", "Url": "https://www.maxi.ca/corn-pops-cereal-family-size/p/20054727_EA", "Sub Category": null, "English Name": "Corn Pops Cereal, Family Size", "Size": "515 g", "Size Label": "ea"}, {"Category": "Cereal & Breakfast", "Aisle": "Pantry", "Sku": "20175129_EA", "Regular Price": "None", "Sale Price": "3.99", "Image": "https://assets.shop.loblaws.ca/products/20175129/b1/en/front/20175129_front_a01_@2.png", "Brand": "President's Choice", "Url": "https://www.maxi.ca/extra-fluffy-buttermilk-pancake-waffle-mix/p/20175129_EA", "Sub Category": null, "English Name": "Extra-Fluffy Buttermilk Pancake & Waffle Mix", "Size": "905 g", "Size Label": "ea"}, {"Category": "Cereal & Breakfast", "Aisle": "Pantry", "Sku": "21189978_EA", "Regular Price": "None", "Sale Price": "5.49", "Image": "https://assets.shop.loblaws.ca/products/21189978/b1/en/front/21189978_front_a01_@2.png", "Brand": "Kelloggs", "Url": "https://www.maxi.ca/krave-cereal-milk-chocolate/p/21189978_EA", "Sub Category": null, "English Name": "Krave Cereal Milk Chocolate", "Size": "525 g", "Size Label": "ea"}, {"Category": "Cereal & Breakfast", "Aisle": "Pantry", "Sku": "20323113001_EA", "Regular Price": "None", "Sale Price": "4.49", "Image": "https://assets.shop.loblaws.ca/products/20323113001/b1/en/front/20323113001_front_a01_@2.png", "Brand": "Quaker", "Url": "https://www.maxi.ca/quick-oats/p/20323113001_EA", "Sub Category": null, "English Name": "Quick Oats", "Size": "1 kg", "Size Label": "ea"}, {"Category": "Cereal & Breakfast", "Aisle": "Pantry", "Sku": "21190260_EA", "Regular Price": "4.29", "Sale Price": "3.49", "Image": "https://assets.shop.loblaws.ca/products/21190260/b1/en/front/21190260_front_a01_@2.png", "Brand": "Quaker", "Url": "https://www.maxi.ca/instant-oatmeal-3-flavour-variety-pack/p/21190260_EA", "Sub Category": null, "English Name": "Instant Oatmeal 3 Flavour Variety Pack", "Size": "314 g", "Size Label": "ea"}, {"Category": "Cereal & Breakfast", "Aisle": "Pantry", "Sku": "21450851_EA", "Regular Price": "None", "Sale Price": "4.99", "Image": "https://assets.shop.loblaws.ca/products/21450851/b1/en/front/21450851_front_a01_@2.png", "Brand": "Kelloggs", "Url": "https://www.maxi.ca/cereal/p/21450851_EA", "Sub Category": null, "English Name": "Cereal", "Size": "340 g", "Size Label": "ea"}, {"Category": "Cereal & Breakfast", "Aisle": "Pantry", "Sku": "20923994_EA", "Regular Price": "None", "Sale Price": "2.99", "Image": "https://assets.shop.loblaws.ca/products/20923994/b1/en/front/20923994_front_a01_@2.png", "Brand": "No Name", "Url": "https://www.maxi.ca/100-whole-grain-large-flake-oats/p/20923994_EA", "Sub Category": null, "English Name": "100% Whole Grain Large Flake Oats", "Size": "1 kg", "Size Label": "ea"}, {"Category": "Cereal & Breakfast", "Aisle": "Pantry", "Sku": "21290106_EA", "Regular Price": "None", "Sale Price": "2.99", "Image": "https://assets.shop.loblaws.ca/products/21290106/b1/en/front/21290106_front_a01_@2.png", "Brand": "Kelloggs", "Url": "https://www.maxi.ca/pop-tarts-frosted-smore/p/21290106_EA", "Sub Category": null, "English Name": "Pop Tarts Frosted Smore   ", "Size": "384 g", "Size Label": "ea"}, {"Category": "Cereal & Breakfast", "Aisle": "Pantry", "Sku": "21213668_EA", "Regular Price": "3.50", "Sale Price": "3.33", "Image": "https://assets.shop.loblaws.ca/products/21213668/b1/en/front/21213668_front_a01_@2.png", "Brand": "General Mills", "Url": "https://www.maxi.ca/oatmeal-crisp-breakfast-cereal-triple-berry-high-f/p/21213668_EA", "Sub Category": null, "English Name": "Oatmeal Crisp Breakfast Cereal, Triple Berry, High Fibre and Whole Grains", "Size": "399 g", "Size Label": "ea"}, {"Category": "Cereal & Breakfast", "Aisle": "Pantry", "Sku": "20849323_EA", "Regular Price": "None", "Sale Price": "4.99", "Image": "https://assets.shop.loblaws.ca/products/20849323/b1/en/front/20849323_front_a01_@2.png", "Brand": "Nature Valley", "Url": "https://www.maxi.ca/protein-granola-oats-n-honey-healthy-snack-and-cer/p/20849323_EA", "Sub Category": null, "English Name": "Protein Granola, Oats 'n Honey, Healthy Snack and Cereal", "Size": "310 g", "Size Label": "ea"}, {"Category": "Cereal & Breakfast", "Aisle": "Pantry", "Sku": "21213662_EA", "Regular Price": "3.50", "Sale Price": "3.33", "Image": "https://assets.shop.loblaws.ca/products/21213662/b1/en/front/21213662_front_a01_@2.png", "Brand": "General Mills", "Url": "https://www.maxi.ca/oatmeal-crisp-breakfast-cereal-almond-high-fibre-a/p/21213662_EA", "Sub Category": null, "English Name": "Oatmeal Crisp Breakfast Cereal, Almond, High Fibre and Whole Grains", "Size": "437 g", "Size Label": "ea"}, {"Category": "Cereal & Breakfast", "Aisle": "Pantry", "Sku": "20072706_EA", "Regular Price": "None", "Sale Price": "8.49", "Image": "https://assets.shop.loblaws.ca/products/20072706/b1/en/front/20072706_front_a01_@2.png", "Brand": "Kelloggs", "Url": "https://www.maxi.ca/vector-meal-replacement-cereal/p/20072706_EA", "Sub Category": null, "English Name": "Vector Meal Replacement Cereal", "Size": "850 g", "Size Label": "ea"}, {"Category": "Cereal & Breakfast", "Aisle": "Pantry", "Sku": "20015041_EA", "Regular Price": "None", "Sale Price": "5.99", "Image": "https://assets.shop.loblaws.ca/products/20015041/b1/en/front/20015041_front_a01_@2.png", "Brand": "Kelloggs", "Url": "https://www.maxi.ca/vector-meal-replacement-cereal/p/20015041_EA", "Sub Category": null, "English Name": "Vector Meal Replacement Cereal", "Size": "400 g", "Size Label": "ea"}, {"Category": "Cereal & Breakfast", "Aisle": "Pantry", "Sku": "21550068_EA", "Regular Price": "None", "Sale Price": "4.79", "Image": "https://assets.shop.loblaws.ca/products/21550068/b1/en/front/21550068_front_a01_@2.png", "Brand": "Quaker", "Url": "https://www.maxi.ca/high-protein-maple-brown-sugar-flavour-instant-oat/p/21550068_EA", "Sub Category": null, "English Name": "High Protein Maple & Brown Sugar Flavour Instant Oatmeal", "Size": "228 g", "Size Label": "ea"}, {"Category": "Cereal & Breakfast", "Aisle": "Pantry", "Sku": "20776715_EA", "Regular Price": "None", "Sale Price": "4.99", "Image": "https://assets.shop.loblaws.ca/products/20776715/b1/en/front/20776715_front_a01_@2.png", "Brand": "General Mills", "Url": "https://www.maxi.ca/count-chocula-cereal/p/20776715_EA", "Sub Category": null, "English Name": "Count Chocula Cereal", "Size": "295 g", "Size Label": "ea"}, {"Category": "Cereal & Breakfast", "Aisle": "Pantry", "Sku": "21378923_EA", "Regular Price": "3.50", "Sale Price": "3.33", "Image": "https://assets.shop.loblaws.ca/products/213789235/b1/en/front/213789235_front_a01_@2.png", "Brand": "General Mills", "Url": "https://www.maxi.ca/apple-cinnamon-cheerios-breakfast-cereal-whole-gra/p/21378923_EA", "Sub Category": null, "English Name": "Apple Cinnamon Cheerios Breakfast Cereal, Whole Grains", "Size": "420 g", "Size Label": "ea"}, {"Category": "Cereal & Breakfast", "Aisle": "Pantry", "Sku": "21456024_EA", "Regular Price": "None", "Sale Price": "6.29", "Image": "https://assets.shop.loblaws.ca/products/21456024/b1/en/front/21456024_front_a01_@2.png", "Brand": "Cora", "Url": "https://www.maxi.ca/crepe-mix-plain/p/21456024_EA", "Sub Category": null, "English Name": "Crepe Mix Plain", "Size": "700 g", "Size Label": "ea"}, {"Category": "Cereal & Breakfast", "Aisle": "Pantry", "Sku": "20893370_EA", "Regular Price": "None", "Sale Price": "3.99", "Image": "https://assets.shop.loblaws.ca/products/20893370/b1/en/front/20893370_front_a01_@2.png", "Brand": "Robin Hood", "Url": "https://www.maxi.ca/100-whole-grains-quick-oats/p/20893370_EA", "Sub Category": null, "English Name": "100% Whole Grains Quick Oats", "Size": "1 kg", "Size Label": "ea"}, {"Category": "Cereal & Breakfast", "Aisle": "Pantry", "Sku": "21352935_EA", "Regular Price": "None", "Sale Price": "6.49", "Image": "https://assets.shop.loblaws.ca/products/21352935/b1/en/front/21352935_front_a01_@2.png", "Brand": "Kelloggs", "Url": "https://www.maxi.ca/strawberry-bites/p/21352935_EA", "Sub Category": null, "English Name": "Strawberry Bites", "Size": "400 g", "Size Label": "ea"}, {"Category": "Cereal & Breakfast", "Aisle": "Pantry", "Sku": "21213666_EA", "Regular Price": "None", "Sale Price": "3.33", "Image": "https://assets.shop.loblaws.ca/products/21213666/b1/en/front/21213666_front_a01_@2.png", "Brand": "General Mills", "Url": "https://www.maxi.ca/oatmeal-crisp-breakfast-cereal-maple-nut-high-fibr/p/21213666_EA", "Sub Category": null, "English Name": "Oatmeal Crisp Breakfast Cereal, Maple Nut, High Fibre and Whole Grains", "Size": "423 g", "Size Label": "ea"}, {"Category": "Cereal & Breakfast", "Aisle": "Pantry", "Sku": "20545264_EA", "Regular Price": "None", "Sale Price": "5.99", "Image": "https://assets.shop.loblaws.ca/products/20545264/b1/en/front/20545264_front_a01_@2.png", "Brand": "Kelloggs", "Url": "https://www.maxi.ca/mini-wheats-cereal-original/p/20545264_EA", "Sub Category": null, "English Name": "Mini-Wheats Cereal, Original", "Size": "510 g", "Size Label": "ea"}, {"Category": "Cereal & Breakfast", "Aisle": "Pantry", "Sku": "21290084_EA", "Regular Price": "None", "Sale Price": "2.99", "Image": "https://assets.shop.loblaws.ca/products/21290084/b1/en/front/21290084_front_a01_@2.png", "Brand": "Kelloggs", "Url": "https://www.maxi.ca/pop-tarts-frosted-choclate/p/21290084_EA", "Sub Category": null, "English Name": "Pop Tarts Frosted Choclate", "Size": "384 g", "Size Label": "ea"}, {"Category": "Cereal & Breakfast", "Aisle": "Pantry", "Sku": "21505117_EA", "Regular Price": "None", "Sale Price": "3.79", "Image": "https://assets.shop.loblaws.ca/products/21505117/b1/en/front/21505117_front_a01_@2.png", "Brand": "President's Choice", "Url": "https://www.maxi.ca/instant-oatmeal-variety-pack-8-pack/p/21505117_EA", "Sub Category": null, "English Name": "Instant Oatmeal, Variety Pack, 8 Pack", "Size": "314 g", "Size Label": "ea"}, {"Category": "Cereal & Breakfast", "Aisle": "Pantry", "Sku": "21295127_EA", "Regular Price": "None", "Sale Price": "10.49", "Image": "https://assets.shop.loblaws.ca/products/21295127/b1/en/front/21295127_front_a01_@2.png", "Brand": "Kelloggs", "Url": "https://www.maxi.ca/poptarts-jumbo-pastries/p/21295127_EA", "Sub Category": null, "English Name": "Poptarts Jumbo Pastries", "Size": "1152 g", "Size Label": "ea"}, {"Category": "Cereal & Breakfast", "Aisle": "Pantry", "Sku": "20698221_EA", "Regular Price": "None", "Sale Price": "4.49", "Image": "https://assets.shop.loblaws.ca/products/20698221/b1/en/front/20698221_front_a01_@2.png", "Brand": "Cream of Wheat", "Url": "https://www.maxi.ca/3-minute-original/p/20698221_EA", "Sub Category": null, "English Name": "3 Minute Original", "Size": "800 g", "Size Label": "ea"}, {"Category": "Cereal & Breakfast", "Aisle": "Pantry", "Sku": "20318589_EA", "Regular Price": "None", "Sale Price": "3.99", "Image": "https://assets.shop.loblaws.ca/products/20318589/b1/en/front/20318589_front_a01_@2.png", "Brand": "President's Choice", "Url": "https://www.maxi.ca/original-extra-fluffy-pancake-and-waffle-mix/p/20318589_EA", "Sub Category": null, "English Name": "Original Extra-Fluffy Pancake And Waffle Mix", "Size": "905 g", "Size Label": "ea"}, {"Category": "Cereal & Breakfast", "Aisle": "Pantry", "Sku": "20322949_EA", "Regular Price": "None", "Sale Price": "2.79", "Image": "https://assets.shop.loblaws.ca/products/20322949/b1/en/front/20322949_front_a01_@2.png", "Brand": "No Name", "Url": "https://www.maxi.ca/old-fashioned-pancake-mix/p/20322949_EA", "Sub Category": null, "English Name": "Old-Fashioned Pancake Mix", "Size": "905 g", "Size Label": "ea"}, {"Category": "Cereal & Breakfast", "Aisle": "Pantry", "Sku": "21290059_EA", "Regular Price": "None", "Sale Price": "2.99", "Image": "https://assets.shop.loblaws.ca/products/21290059/b1/en/front/21290059_front_a01_@2.png", "Brand": "Kelloggs", "Url": "https://www.maxi.ca/pop-tarts-frosted-raspberry/p/21290059_EA", "Sub Category": null, "English Name": "Pop Tarts Frosted Raspberry", "Size": "384 g", "Size Label": "ea"}, {"Category": "Cereal & Breakfast", "Aisle": "Pantry", "Sku": "20793624_EA", "Regular Price": "None", "Sale Price": "5.99", "Image": "https://assets.shop.loblaws.ca/products/20793624/b1/en/front/20793624_front_a01_@2.png", "Brand": "Kelloggs", "Url": "https://www.maxi.ca/special-k-original-cereal/p/20793624_EA", "Sub Category": null, "English Name": "Special K Original Cereal", "Size": "435 g", "Size Label": "ea"}, {"Category": "Cereal & Breakfast", "Aisle": "Pantry", "Sku": "21218456_EA", "Regular Price": "4.79", "Sale Price": "3.49", "Image": "https://assets.shop.loblaws.ca/products/21218456/b1/en/front/21218456_front_a01_@2.png", "Brand": "Post", "Url": "https://www.maxi.ca/tim-hortons-flavoured-cereal-birthday-cake/p/21218456_EA", "Sub Category": null, "English Name": "Tim Hortons Flavoured Cereal Birthday Cake", "Size": "311 g", "Size Label": "ea"}, {"Category": "Cereal & Breakfast", "Aisle": "Pantry", "Sku": "20067427_EA", "Regular Price": "None", "Sale Price": "5.99", "Image": "https://assets.shop.loblaws.ca/products/20067427/b1/en/front/20067427_front_a01_@2.png", "Brand": "Kelloggs", "Url": "https://www.maxi.ca/fun-pac-cereal/p/20067427_EA", "Sub Category": null, "English Name": "Fun Pac Cereal", "Size": "210 g", "Size Label": "ea"}, {"Category": "Cereal & Breakfast", "Aisle": "Pantry", "Sku": "20923942_EA", "Regular Price": "None", "Sale Price": "2.99", "Image": "https://assets.shop.loblaws.ca/products/20923942/b1/en/front/20923942_front_a01_@2.png", "Brand": "No Name", "Url": "https://www.maxi.ca/one-minute-100-whole-grain-oats/p/20923942_EA", "Sub Category": null, "English Name": "One Minute 100% Whole Grain Oats", "Size": "900 g", "Size Label": "ea"}, {"Category": "Cereal & Breakfast", "Aisle": "Pantry", "Sku": "21456016_EA", "Regular Price": "None", "Sale Price": "6.29", "Image": "https://assets.shop.loblaws.ca/products/21456016/b1/en/front/21456016_front_a01_@2.png", "Brand": "Cora", "Url": "https://www.maxi.ca/crepe-mix-chocolate/p/21456016_EA", "Sub Category": null, "English Name": "Crepe Mix Chocolate", "Size": "700 g", "Size Label": "ea"}, {"Category": "Cereal & Breakfast", "Aisle": "Pantry", "Sku": "21515952_EA", "Regular Price": "None", "Sale Price": "4.79", "Image": "https://assets.shop.loblaws.ca/products/21515952/b1/en/front/21515952_front_a01_@2.png", "Brand": "Quaker", "Url": "https://www.maxi.ca/instant-oatmeal-high-protein-regular/p/21515952_EA", "Sub Category": null, "English Name": "Instant Oatmeal High Protein Regular", "Size": "168 g", "Size Label": "ea"}, {"Category": "Cereal & Breakfast", "Aisle": "Pantry", "Sku": "20894131_EA", "Regular Price": "None", "Sale Price": "3.99", "Image": "https://assets.shop.loblaws.ca/products/20894131/b1/en/front/20894131_front_a01_@2.png", "Brand": "Robin Hood", "Url": "https://www.maxi.ca/100-whole-grains-minute-oats/p/20894131_EA", "Sub Category": null, "English Name": "100% Whole Grains Minute Oats", "Size": "1 kg", "Size Label": "ea"}, {"Category": "Cereal & Breakfast", "Aisle": "Pantry", "Sku": "21279936_EA", "Regular Price": "3.50", "Sale Price": "3.33", "Image": "https://assets.shop.loblaws.ca/products/21279936/b1/en/front/21279936_front_a01_@2.png", "Brand": "General Mills", "Url": "https://www.maxi.ca/cinnamon-toast-crunch-churros-breakfast-cereal-who/p/21279936_EA", "Sub Category": null, "English Name": "Cinnamon Toast Crunch Churros Breakfast Cereal, Whole Grains", "Size": "337 g", "Size Label": "ea"}, {"Category": "Cereal & Breakfast", "Aisle": "Pantry", "Sku": "20841177_EA", "Regular Price": "None", "Sale Price": "5.99", "Image": "https://assets.shop.loblaws.ca/products/20841177/b1/en/front/20841177_front_a01_@2.png", "Brand": "Kelloggs", "Url": "https://www.maxi.ca/all-bran-original-cereal/p/20841177_EA", "Sub Category": null, "English Name": "All-Bran Original Cereal", "Size": "525 g", "Size Label": "ea"}, {"Category": "Cereal & Breakfast", "Aisle": "Pantry", "Sku": "21218454_EA", "Regular Price": "4.79", "Sale Price": "3.49", "Image": "https://assets.shop.loblaws.ca/products/21218454/b1/en/front/21218454_front_a01_@2.png", "Brand": "Post", "Url": "https://www.maxi.ca/tim-hortons-flavoured-cereal-chocolate-glazed/p/21218454_EA", "Sub Category": null, "English Name": "Tim Hortons Flavoured Cereal Chocolate Glazed", "Size": "326 g", "Size Label": "ea"}, {"Category": "Cereal & Breakfast", "Aisle": "Pantry", "Sku": "21505150_EA", "Regular Price": "None", "Sale Price": "3.79", "Image": "https://assets.shop.loblaws.ca/products/21505150/b1/en/front/21505150_front_a01_@2.png", "Brand": "President's Choice", "Url": "https://www.maxi.ca/instant-oatmeal-maple-brown-sugar/p/21505150_EA", "Sub Category": null, "English Name": "Instant Oatmeal, Maple & Brown Sugar", "Size": "344 g", "Size Label": "ea"}, {"Category": "Cereal & Breakfast", "Aisle": "Pantry", "Sku": "20939060_EA", "Regular Price": "None", "Sale Price": "4.49", "Image": "https://assets.shop.loblaws.ca/products/20939060/b1/en/front/20939060_front_a01_@2.png", "Brand": "Quaker", "Url": "https://www.maxi.ca/quick-cook-steel-cut-oats/p/20939060_EA", "Sub Category": null, "English Name": "Quick Cook Steel Cut Oats", "Size": "709 g", "Size Label": "ea"}, {"Category": "Cereal & Breakfast", "Aisle": "Pantry", "Sku": "21114731_EA", "Regular Price": "None", "Sale Price": "4.99", "Image": "https://assets.shop.loblaws.ca/products/21114731/b1/en/front/21114731_front_a01_@2.png", "Brand": "General Mills", "Url": "https://www.maxi.ca/cheerios-cereal-pumpkin-spice/p/21114731_EA", "Sub Category": null, "English Name": "Cheerios Cereal Pumpkin Spice", "Size": "306 g", "Size Label": "ea"}, {"Category": "Cereal & Breakfast", "Aisle": "Pantry", "Sku": "21283257_EA", "Regular Price": "None", "Sale Price": "5.49", "Image": "https://assets.shop.loblaws.ca/products/21283257/b1/en/front/21283257_front_a01_@2.png", "Brand": "General Mills", "Url": "https://www.maxi.ca/cheerios-oat-crunch-breakfast-cereal-oats-n-honey/p/21283257_EA", "Sub Category": null, "English Name": "Cheerios Oat Crunch Breakfast Cereal, Oats 'N Honey, Family Size", "Size": "516 g", "Size Label": "ea"}, {"Category": "Cereal & Breakfast", "Aisle": "Pantry", "Sku": "20313716_EA", "Regular Price": "3.50", "Sale Price": "3.33", "Image": "https://assets.shop.loblaws.ca/products/20313716/b1/en/front/20313716_front_a01_@2.png", "Brand": "General Mills", "Url": "https://www.maxi.ca/nesquik-chocolate-breakfast-cereal-whole-grains-an/p/20313716_EA", "Sub Category": null, "English Name": "Nesquik Chocolate Breakfast Cereal, Whole Grains and Fibre", "Size": "340 g", "Size Label": "ea"}, {"Category": "Cereal & Breakfast", "Aisle": "Pantry", "Sku": "20323113002_EA", "Regular Price": "None", "Sale Price": "4.49", "Image": "https://assets.shop.loblaws.ca/products/20323113002/b1/en/front/20323113002_front_a01_@2.png", "Brand": "Quaker", "Url": "https://www.maxi.ca/oats-large-flake/p/20323113002_EA", "Sub Category": null, "English Name": "Oats, Large Flake", "Size": "1 kg", "Size Label": "ea"}, {"Category": "Cereal & Breakfast", "Aisle": "Pantry", "Sku": "20893369_EA", "Regular Price": "None", "Sale Price": "3.99", "Image": "https://assets.shop.loblaws.ca/products/20893369/b1/en/front/20893369_front_a01_@2.png", "Brand": "Robin Hood", "Url": "https://www.maxi.ca/100-whole-grains-large-flake-oats/p/20893369_EA", "Sub Category": null, "English Name": "100% Whole Grains Large Flake Oats", "Size": "1 kg", "Size Label": "ea"}, {"Category": "Cereal & Breakfast", "Aisle": "Pantry", "Sku": "21085840_EA", "Regular Price": "4.79", "Sale Price": "3.49", "Image": "https://assets.shop.loblaws.ca/products/21085840/b1/en/front/21085840_front_a01_@2.png", "Brand": "Post", "Url": "https://www.maxi.ca/oreo-o-s-cereal/p/21085840_EA", "Sub Category": null, "English Name": "Oreo O\u2019s\u00ae Cereal", "Size": "311 g", "Size Label": "ea"}, {"Category": "Cereal & Breakfast", "Aisle": "Pantry", "Sku": "21535225_EA", "Regular Price": "3.50", "Sale Price": "3.33", "Image": "https://assets.shop.loblaws.ca/products/21535225/b1/en/front/21535225_front_a01_@2.png", "Brand": "General Mills", "Url": "https://www.maxi.ca/rice-chex-gluten-free/p/21535225_EA", "Sub Category": null, "English Name": "Rice Chex, Gluten Free", "Size": "340 g", "Size Label": "ea"}, {"Category": "Cereal & Breakfast", "Aisle": "Pantry", "Sku": "21427173_EA", "Regular Price": "None", "Sale Price": "3.49", "Image": "https://assets.shop.loblaws.ca/products/21427173/b1/en/front/21427173_front_a01_@2.png", "Brand": "Post", "Url": "https://www.maxi.ca/honey-bunches-of-oat-honey-roasted-cereal/p/21427173_EA", "Sub Category": null, "English Name": "Honey Bunches Of Oat Honey Roasted Cereal", "Size": "340 g", "Size Label": "ea"}, {"Category": "Cereal & Breakfast", "Aisle": "Pantry", "Sku": "20703868_EA", "Regular Price": "None", "Sale Price": "4.00", "Image": "https://assets.shop.loblaws.ca/products/20703868/b1/en/front/20703868_front_a01_@2.png", "Brand": "PC Blue Menu", "Url": "https://www.maxi.ca/100-whole-grain-steel-cut-oats/p/20703868_EA", "Sub Category": null, "English Name": "100% Whole Grain Steel Cut Oats", "Size": "840 g", "Size Label": "ea"}, {"Category": "Cereal & Breakfast", "Aisle": "Pantry", "Sku": "20014409_EA", "Regular Price": "None", "Sale Price": "3.49", "Image": "https://assets.shop.loblaws.ca/products/20014409/b1/en/front/20014409_front_a01_@2.png", "Brand": "Post", "Url": "https://www.maxi.ca/shredded-wheat-big-biscuit-cereal/p/20014409_EA", "Sub Category": null, "English Name": "Shredded Wheat Big Biscuit Cereal", "Size": "425 g", "Size Label": "ea"}, {"Category": "Cereal & Breakfast", "Aisle": "Pantry", "Sku": "21190251_EA", "Regular Price": "4.29", "Sale Price": "3.49", "Image": "https://assets.shop.loblaws.ca/products/21190251/b1/en/front/21190251_front_a01_@2.png", "Brand": "Quaker", "Url": "https://www.maxi.ca/apples-cinnamon-instant-oatmeal/p/21190251_EA", "Sub Category": null, "English Name": "Apples & Cinnamon Instant Oatmeal", "Size": "264 g", "Size Label": "ea"}, {"Category": "Cereal & Breakfast", "Aisle": "Pantry", "Sku": "20323113003_EA", "Regular Price": "None", "Sale Price": "4.49", "Image": "https://assets.shop.loblaws.ca/products/20323113003/b1/en/front/20323113003_front_a01_@2.png", "Brand": "Quaker", "Url": "https://www.maxi.ca/one-minute-oats/p/20323113003_EA", "Sub Category": null, "English Name": "One Minute Oats", "Size": "900 g", "Size Label": "ea"}, {"Category": "Cereal & Breakfast", "Aisle": "Pantry", "Sku": "21411458_EA", "Regular Price": "None", "Sale Price": "3.33", "Image": "https://assets.shop.loblaws.ca/products/21411458/b1/en/front/21411458_front_a01_@2.png", "Brand": "General Mills", "Url": "https://www.maxi.ca/oatmeal-crisp-breakfast-cereal-honey-crunch/p/21411458_EA", "Sub Category": null, "English Name": "Oatmeal Crisp Breakfast Cereal, Honey Crunch", "Size": "423 g", "Size Label": "ea"}, {"Category": "Cereal & Breakfast", "Aisle": "Pantry", "Sku": "20815737_EA", "Regular Price": "None", "Sale Price": "8.49", "Image": "https://assets.shop.loblaws.ca/products/20815737/b1/en/front/20815737_front_a01_@2.png", "Brand": "Kelloggs", "Url": "https://www.maxi.ca/two-scoops-raisin-bran-cereal/p/20815737_EA", "Sub Category": null, "English Name": "Two Scoops Raisin Bran Cereal", "Size": "1.15 kg", "Size Label": "ea"}, {"Category": "Cereal & Breakfast", "Aisle": "Pantry", "Sku": "21378919_EA", "Regular Price": "3.50", "Sale Price": "3.33", "Image": "https://assets.shop.loblaws.ca/products/213789191/b1/en/front/213789191_front_a01_@2.png", "Brand": "General Mills", "Url": "https://www.maxi.ca/chocolate-cheerios-breakfast-cereal/p/21378919_EA", "Sub Category": null, "English Name": "Chocolate Cheerios Breakfast Cereal ", "Size": "420 g", "Size Label": "ea"}, {"Category": "Cereal & Breakfast", "Aisle": "Pantry", "Sku": "20305607_EA", "Regular Price": "5.99", "Sale Price": "4.49", "Image": "https://assets.shop.loblaws.ca/products/20305607/b1/en/front/20305607_front_a01_@2.png", "Brand": "Post", "Url": "https://www.maxi.ca/sugar-crisp-family-size/p/20305607_EA", "Sub Category": null, "English Name": "Sugar Crisp Family Size", "Size": "550 g", "Size Label": "ea"}, {"Category": "Cereal & Breakfast", "Aisle": "Pantry", "Sku": "21190265_EA", "Regular Price": "4.29", "Sale Price": "3.49", "Image": "https://assets.shop.loblaws.ca/products/21190265/b1/en/front/21190265_front_a01_@2.png", "Brand": "Quaker", "Url": "https://www.maxi.ca/regular-instant-oatmeal/p/21190265_EA", "Sub Category": null, "English Name": "Regular Instant Oatmeal", "Size": "280 g", "Size Label": "ea"}, {"Category": "Cereal & Breakfast", "Aisle": "Pantry", "Sku": "21535236_EA", "Regular Price": "3.50", "Sale Price": "3.33", "Image": "https://assets.shop.loblaws.ca/products/21535236/b1/en/front/21535236_front_a01_@2.png", "Brand": "General Mills", "Url": "https://www.maxi.ca/cereal-honey-nut-flavour/p/21535236_EA", "Sub Category": null, "English Name": "Cereal Honey Nut Flavour", "Size": "354 g", "Size Label": "ea"}, {"Category": "Cereal & Breakfast", "Aisle": "Pantry", "Sku": "21542452_EA", "Regular Price": "8.79", "Sale Price": "4.49", "Image": "https://assets.shop.loblaws.ca/products/21542452/b1/en/front/21542452_front_a01_@2.png", "Brand": "Post", "Url": "https://www.maxi.ca/honeycomb-cereal-family-size/p/21542452_EA", "Sub Category": null, "English Name": "Honeycomb Cereal Family Size", "Size": "525 g", "Size Label": "ea"}, {"Category": "Cereal & Breakfast", "Aisle": "Pantry", "Sku": "21449783_EA", "Regular Price": "3.50", "Sale Price": "3.33", "Image": "https://assets.shop.loblaws.ca/products/21449783/b1/en/front/21449783_front_a01_@2.png", "Brand": "General Mills", "Url": "https://www.maxi.ca/cinnagraham-toast-crunch-breakfast-cereal-whole-gr/p/21449783_EA", "Sub Category": null, "English Name": "CinnaGraham Toast Crunch Breakfast Cereal, Whole Grains", "Size": "340 g", "Size Label": "ea"}, {"Category": "Cereal & Breakfast", "Aisle": "Pantry", "Sku": "20781434_EA", "Regular Price": "None", "Sale Price": "5.49", "Image": "https://assets.shop.loblaws.ca/products/20781434/b1/en/front/20781434_front_a01_@2.png", "Brand": "President's Choice", "Url": "https://www.maxi.ca/crispy-rice-cereal/p/20781434_EA", "Sub Category": null, "English Name": "Crispy Rice Cereal", "Size": "640 g", "Size Label": "ea"}, {"Category": "Cereal & Breakfast", "Aisle": "Pantry", "Sku": "20837929_EA", "Regular Price": "None", "Sale Price": "5.99", "Image": "https://assets.shop.loblaws.ca/products/20837929/b1/en/front/20837929_front_a01_@2.png", "Brand": "Kelloggs", "Url": "https://www.maxi.ca/m-slix-almond-raisin-cereal/p/20837929_EA", "Sub Category": null, "English Name": "M\u00fcslix Almond Raisin Cereal", "Size": "450 g", "Size Label": "ea"}, {"Category": "Cereal & Breakfast", "Aisle": "Pantry", "Sku": "20896556_EA", "Regular Price": "None", "Sale Price": "4.99", "Image": "https://assets.shop.loblaws.ca/products/20896556/b1/en/front/20896556_front_a01_@2.png", "Brand": "General Mills", "Url": "https://www.maxi.ca/booberry-cereal/p/20896556_EA", "Sub Category": null, "English Name": "Booberry Cereal", "Size": "270 g", "Size Label": "ea"}, {"Category": "Honey, Syrups & Spreads", "Aisle": "Pantry", "Sku": "20039581001_EA", "Regular Price": "5.99", "Sale Price": "5.77", "Image": "https://assets.shop.loblaws.ca/products/20039581001/b1/en/front/20039581001_front_a01_@2.png", "Brand": "Kraft", "Url": "https://www.maxi.ca/smooth-peanut-butter/p/20039581001_EA", "Sub Category": null, "English Name": "Smooth Peanut Butter", "Size": "1 kg", "Size Label": "ea"}, {"Category": "Honey, Syrups & Spreads", "Aisle": "Pantry", "Sku": "20436105_EA", "Regular Price": "None", "Sale Price": "7.29", "Image": "https://assets.shop.loblaws.ca/products/20436105/b1/en/front/20436105_front_a01_@2.png", "Brand": "Nutella", "Url": "https://www.maxi.ca/hazelnut-chocolate-spread/p/20436105_EA", "Sub Category": null, "English Name": "Hazelnut Chocolate Spread", "Size": "725 g", "Size Label": "ea"}, {"Category": "Honey, Syrups & Spreads", "Aisle": "Pantry", "Sku": "20039581003_EA", "Regular Price": "5.99", "Sale Price": "5.77", "Image": "https://assets.shop.loblaws.ca/products/20039581003/b1/en/front/20039581003_front_a01_@2.png", "Brand": "Kraft", "Url": "https://www.maxi.ca/smooth-light-peanut-butter/p/20039581003_EA", "Sub Category": null, "English Name": "Smooth Light Peanut Butter", "Size": "1 kg", "Size Label": "ea"}, {"Category": "Honey, Syrups & Spreads", "Aisle": "Pantry", "Sku": "20039581005_EA", "Regular Price": "5.99", "Sale Price": "5.77", "Image": "https://assets.shop.loblaws.ca/products/20039581005/b1/en/front/20039581005_front_a01_@2.png", "Brand": "Kraft", "Url": "https://www.maxi.ca/crunchy-peanut-butter/p/20039581005_EA", "Sub Category": null, "English Name": "Crunchy Peanut Butter", "Size": "1 kg", "Size Label": "ea"}, {"Category": "Honey, Syrups & Spreads", "Aisle": "Pantry", "Sku": "20311582001_EA", "Regular Price": "5.99", "Sale Price": "5.77", "Image": "https://assets.shop.loblaws.ca/products/20311582001/b1/en/front/20311582001_front_a01_@2.png", "Brand": "Kraft", "Url": "https://www.maxi.ca/only-peanuts-all-natural-smooth-peanut-butter/p/20311582001_EA", "Sub Category": null, "English Name": "Only Peanuts All Natural Smooth Peanut Butter", "Size": "750 g", "Size Label": "ea"}, {"Category": "Honey, Syrups & Spreads", "Aisle": "Pantry", "Sku": "20308043001_EA", "Regular Price": "None", "Sale Price": "6.29", "Image": "https://assets.shop.loblaws.ca/products/20308043001/b1/en/front/20308043001_front_a01_@2.png", "Brand": "Smuckers", "Url": "https://www.maxi.ca/pure-strawberry-jam/p/20308043001_EA", "Sub Category": null, "English Name": "Pure Strawberry Jam", "Size": "500 ml", "Size Label": "ea"}, {"Category": "Honey, Syrups & Spreads", "Aisle": "Pantry", "Sku": "20296985001_EA", "Regular Price": "None", "Sale Price": "4.79", "Image": "https://assets.shop.loblaws.ca/products/20296985001/b1/en/front/20296985001_front_a01_@2.png", "Brand": "No Name", "Url": "https://www.maxi.ca/smooth-peanut-butter/p/20296985001_EA", "Sub Category": null, "English Name": "Smooth Peanut Butter", "Size": "1 kg", "Size Label": "ea"}, {"Category": "Honey, Syrups & Spreads", "Aisle": "Pantry", "Sku": "20001100_EA", "Regular Price": "None", "Sale Price": "5.99", "Image": "https://assets.shop.loblaws.ca/products/20001100/b1/en/front/20001100_front_a01_@2.png", "Brand": "No Name", "Url": "https://www.maxi.ca/100-canadian-pure-liquid-honey/p/20001100_EA", "Sub Category": null, "English Name": "100% Canadian Pure Liquid Honey", "Size": "375 g", "Size Label": "ea"}, {"Category": "Honey, Syrups & Spreads", "Aisle": "Pantry", "Sku": "20129324_EA", "Regular Price": "None", "Sale Price": "6.99", "Image": "https://assets.shop.loblaws.ca/products/20129324/b1/en/front/20129324_front_a01_@2.png", "Brand": "No Name", "Url": "https://www.maxi.ca/pure-100-canadian-liquid-honey/p/20129324_EA", "Sub Category": null, "English Name": "Pure 100% Canadian Liquid Honey", "Size": "500 g", "Size Label": "ea"}, {"Category": "Honey, Syrups & Spreads", "Aisle": "Pantry", "Sku": "20049221_EA", "Regular Price": "14.49", "Sale Price": "11.99", "Image": "https://assets.shop.loblaws.ca/products/20049221/b1/en/front/20049221_front_a01_@2.png", "Brand": "President's Choice", "Url": "https://www.maxi.ca/100-pure-maple-syrup-amber/p/20049221_EA", "Sub Category": null, "English Name": "100% Pure Maple Syrup (Amber)", "Size": "500 ml", "Size Label": "ea"}, {"Category": "Honey, Syrups & Spreads", "Aisle": "Pantry", "Sku": "20033683_EA", "Regular Price": "None", "Sale Price": "10.99", "Image": "https://assets.shop.loblaws.ca/products/20033683/b1/en/front/20033683_front_a01_@2.png", "Brand": "No Name", "Url": "https://www.maxi.ca/pure-100-canadian-liquid-honey/p/20033683_EA", "Sub Category": null, "English Name": "Pure 100% Canadian Liquid Honey", "Size": "1 kg", "Size Label": "ea"}, {"Category": "Honey, Syrups & Spreads", "Aisle": "Pantry", "Sku": "20308043004_EA", "Regular Price": "None", "Sale Price": "7.49", "Image": "https://assets.shop.loblaws.ca/products/20308043004/b1/en/front/20308043004_front_a01_@2.png", "Brand": "Smuckers", "Url": "https://www.maxi.ca/pure-raspberry-jam/p/20308043004_EA", "Sub Category": null, "English Name": "Pure Raspberry Jam", "Size": "500 ml", "Size Label": "ea"}, {"Category": "Honey, Syrups & Spreads", "Aisle": "Pantry", "Sku": "20152669001_EA", "Regular Price": "None", "Sale Price": "9.99", "Image": "https://assets.shop.loblaws.ca/products/20152669001/b1/en/front/20152669001_front_a01_@2.png", "Brand": "Bernard", "Url": "https://www.maxi.ca/maple-syrup-dark/p/20152669001_EA", "Sub Category": null, "English Name": "Maple Syrup,Dark", "Size": "540 ml", "Size Label": "ea"}, {"Category": "Honey, Syrups & Spreads", "Aisle": "Pantry", "Sku": "21023784_EA", "Regular Price": "None", "Sale Price": "6.49", "Image": "https://assets.shop.loblaws.ca/products/21023784/b1/en/front/21023784_front_a01_@2.png", "Brand": "Jif", "Url": "https://www.maxi.ca/creamy-peanut-butter/p/21023784_EA", "Sub Category": null, "English Name": "Creamy Peanut Butter", "Size": "1 kg", "Size Label": "ea"}, {"Category": "Honey, Syrups & Spreads", "Aisle": "Pantry", "Sku": "20311582003_EA", "Regular Price": "5.99", "Sale Price": "5.77", "Image": "https://assets.shop.loblaws.ca/products/20311582003/b1/en/front/20311582003_front_a01_@2.png", "Brand": "Kraft", "Url": "https://www.maxi.ca/only-peanuts-all-natural-crunchy-peanut-butter/p/20311582003_EA", "Sub Category": null, "English Name": "Only Peanuts All Natural Crunchy Peanut Butter", "Size": "750 g", "Size Label": "ea"}, {"Category": "Honey, Syrups & Spreads", "Aisle": "Pantry", "Sku": "20306030_EA", "Regular Price": "None", "Sale Price": "3.29", "Image": "https://assets.shop.loblaws.ca/products/20306030/b1/en/front/20306030_front_a01_@2.png", "Brand": "No Name", "Url": "https://www.maxi.ca/original-syrup/p/20306030_EA", "Sub Category": null, "English Name": "Original syrup", "Size": "750 ml", "Size Label": "ea"}, {"Category": "Honey, Syrups & Spreads", "Aisle": "Pantry", "Sku": "20819456_EA", "Regular Price": "None", "Sale Price": "5.99", "Image": "https://assets.shop.loblaws.ca/products/20819456/b1/en/front/20819456_front_a01_@2.png", "Brand": "President's Choice", "Url": "https://www.maxi.ca/100-pure-maple-syrup/p/20819456_EA", "Sub Category": null, "English Name": "100% Pure Maple Syrup", "Size": "200 ml", "Size Label": "ea"}, {"Category": "Honey, Syrups & Spreads", "Aisle": "Pantry", "Sku": "20057669001_EA", "Regular Price": "None", "Sale Price": "6.49", "Image": "https://assets.shop.loblaws.ca/products/20057669001/b1/en/front/20057669001_front_a01_@2.png", "Brand": "PC Blue Menu", "Url": "https://www.maxi.ca/blue-menu-just-peanuts-smooth-peanut-butter/p/20057669001_EA", "Sub Category": null, "English Name": "Blue Menu Just Peanuts Smooth Peanut Butter", "Size": "750 g", "Size Label": "ea"}, {"Category": "Honey, Syrups & Spreads", "Aisle": "Pantry", "Sku": "20435988_EA", "Regular Price": "None", "Sale Price": "4.99", "Image": "https://assets.shop.loblaws.ca/products/20435988/b1/en/front/20435988_front_a01_@2.png", "Brand": "Nutella", "Url": "https://www.maxi.ca/hazelnut-chocolate-spread/p/20435988_EA", "Sub Category": null, "English Name": "Hazelnut Chocolate Spread", "Size": "375 g", "Size Label": "ea"}, {"Category": "Honey, Syrups & Spreads", "Aisle": "Pantry", "Sku": "20064825001_EA", "Regular Price": "None", "Sale Price": "11.99", "Image": "https://assets.shop.loblaws.ca/products/20064825001/b1/en/front/20064825001_front_a01_@2.png", "Brand": "Kraft", "Url": "https://www.maxi.ca/smooth-peanut-butter/p/20064825001_EA", "Sub Category": null, "English Name": "Smooth Peanut Butter", "Size": "2 kg", "Size Label": "ea"}, {"Category": "Honey, Syrups & Spreads", "Aisle": "Pantry", "Sku": "20296985002_EA", "Regular Price": "None", "Sale Price": "4.79", "Image": "https://assets.shop.loblaws.ca/products/20296985002/b1/en/front/20296985002_front_a01_@2.png", "Brand": "No Name", "Url": "https://www.maxi.ca/crunchy-peanut-butter/p/20296985002_EA", "Sub Category": null, "English Name": "Crunchy Peanut Butter", "Size": "1 kg", "Size Label": "ea"}, {"Category": "Honey, Syrups & Spreads", "Aisle": "Pantry", "Sku": "21285418_EA", "Regular Price": "5.99", "Sale Price": "5.77", "Image": "https://assets.shop.loblaws.ca/products/21285418/b1/en/front/21285418_front_a01_@2.png", "Brand": "Kraft", "Url": "https://www.maxi.ca/hazelnut-spread-with-cocoa/p/21285418_EA", "Sub Category": null, "English Name": "Hazelnut Spread With Cocoa", "Size": "725 g", "Size Label": "ea"}, {"Category": "Honey, Syrups & Spreads", "Aisle": "Pantry", "Sku": "20180006_EA", "Regular Price": "None", "Sale Price": "5.29", "Image": "https://assets.shop.loblaws.ca/products/20180006/b1/en/front/20180006_front_a01_@2.png", "Brand": "President's Choice", "Url": "https://www.maxi.ca/pure-strawberry-jam/p/20180006_EA", "Sub Category": null, "English Name": "Pure Strawberry Jam", "Size": "500 ml", "Size Label": "ea"}, {"Category": "Honey, Syrups & Spreads", "Aisle": "Pantry", "Sku": "20659603001_EA", "Regular Price": "None", "Sale Price": "10.49", "Image": "https://assets.shop.loblaws.ca/products/20659603001/b1/en/front/20659603001_front_a01_@2.png", "Brand": "Kraft", "Url": "https://www.maxi.ca/cheez-whiz-cheese-spread/p/20659603001_EA", "Sub Category": null, "English Name": "Cheez Whiz Cheese Spread", "Size": "900 g", "Size Label": "ea"}, {"Category": "Honey, Syrups & Spreads", "Aisle": "Pantry", "Sku": "20307313006_EA", "Regular Price": "None", "Sale Price": "5.99", "Image": "https://assets.shop.loblaws.ca/products/20307313006/b1/en/front/20307313006_front_a01_@2.png", "Brand": "Bonne Maman", "Url": "https://www.maxi.ca/raspberry-jam/p/20307313006_EA", "Sub Category": null, "English Name": "Raspberry Jam", "Size": "250 ml", "Size Label": "ea"}, {"Category": "Honey, Syrups & Spreads", "Aisle": "Pantry", "Sku": "20032552001_EA", "Regular Price": "None", "Sale Price": "4.49", "Image": "https://assets.shop.loblaws.ca/products/20032552001/b1/en/front/20032552001_front_a01_@2.png", "Brand": "No Name", "Url": "https://www.maxi.ca/strawberry-jam-with-pectin/p/20032552001_EA", "Sub Category": null, "English Name": "Strawberry Jam With Pectin", "Size": "500 ml", "Size Label": "ea"}, {"Category": "Honey, Syrups & Spreads", "Aisle": "Pantry", "Sku": "20296985003_EA", "Regular Price": "None", "Sale Price": "4.79", "Image": "https://assets.shop.loblaws.ca/products/20296985003/b1/en/front/20296985003_front_a01_@2.png", "Brand": "No Name", "Url": "https://www.maxi.ca/smooth-light-peanut-butter/p/20296985003_EA", "Sub Category": null, "English Name": "Smooth Light Peanut Butter", "Size": "1 kg", "Size Label": "ea"}, {"Category": "Honey, Syrups & Spreads", "Aisle": "Pantry", "Sku": "20307313001_EA", "Regular Price": "None", "Sale Price": "5.99", "Image": "https://assets.shop.loblaws.ca/products/20307313001/b1/en/front/20307313001_front_a01_@2.png", "Brand": "Bonne Maman", "Url": "https://www.maxi.ca/strawberry-jam/p/20307313001_EA", "Sub Category": null, "English Name": "Strawberry Jam", "Size": "250 ml", "Size Label": "ea"}, {"Category": "Honey, Syrups & Spreads", "Aisle": "Pantry", "Sku": "20132369001_EA", "Regular Price": "None", "Sale Price": "4.79", "Image": "https://assets.shop.loblaws.ca/products/20132369001/b1/en/front/20132369001_front_a01_@2.png", "Brand": "Kraft", "Url": "https://www.maxi.ca/smooth-peanut-butter/p/20132369001_EA", "Sub Category": null, "English Name": "Smooth Peanut Butter", "Size": "500 g", "Size Label": "ea"}, {"Category": "Honey, Syrups & Spreads", "Aisle": "Pantry", "Sku": "20683943_EA", "Regular Price": "None", "Sale Price": "4.00", "Image": "https://assets.shop.loblaws.ca/products/20683943/b1/en/front/20683943_front_a01_@2.png", "Brand": "No Name", "Url": "https://www.maxi.ca/chocolate-hazelnut-spread/p/20683943_EA", "Sub Category": null, "English Name": "Chocolate Hazelnut Spread", "Size": "725 g", "Size Label": "ea"}, {"Category": "Honey, Syrups & Spreads", "Aisle": "Pantry", "Sku": "20152669002_EA", "Regular Price": "None", "Sale Price": "9.99", "Image": "https://assets.shop.loblaws.ca/products/20152669002/b1/en/front/20152669002_front_a01_@2.png", "Brand": "Bernard", "Url": "https://www.maxi.ca/maple-syrup-light/p/20152669002_EA", "Sub Category": null, "English Name": "Maple Syrup, Light", "Size": "540 ml", "Size Label": "ea"}, {"Category": "Honey, Syrups & Spreads", "Aisle": "Pantry", "Sku": "20039581002_EA", "Regular Price": "5.99", "Sale Price": "5.77", "Image": "https://assets.shop.loblaws.ca/products/20039581002/b1/en/front/20039581002_front_a01_@2.png", "Brand": "Kraft", "Url": "https://www.maxi.ca/extra-creamy-peanut-butter/p/20039581002_EA", "Sub Category": null, "English Name": "Extra Creamy Peanut Butter", "Size": "1 kg", "Size Label": "ea"}, {"Category": "Honey, Syrups & Spreads", "Aisle": "Pantry", "Sku": "20889082_EA", "Regular Price": "None", "Sale Price": "9.99", "Image": "https://assets.shop.loblaws.ca/products/20889082/b1/en/front/20889082_front_a01_@2.png", "Brand": "Nutella", "Url": "https://www.maxi.ca/hazelnut-chocolate-spread/p/20889082_EA", "Sub Category": null, "English Name": "Hazelnut Chocolate Spread", "Size": "1 kg", "Size Label": "ea"}, {"Category": "Honey, Syrups & Spreads", "Aisle": "Pantry", "Sku": "20032552002_EA", "Regular Price": "None", "Sale Price": "4.99", "Image": "https://assets.shop.loblaws.ca/products/20032552002/b1/en/front/20032552002_front_a01_@2.png", "Brand": "No Name", "Url": "https://www.maxi.ca/raspberry-jam-with-pectin/p/20032552002_EA", "Sub Category": null, "English Name": "Raspberry Jam With Pectin", "Size": "500 ml", "Size Label": "ea"}, {"Category": "Honey, Syrups & Spreads", "Aisle": "Pantry", "Sku": "20323398002_EA", "Regular Price": "None", "Sale Price": "8.99", "Image": "https://assets.shop.loblaws.ca/products/20323398002/b1/en/front/20323398002_front_a01_@2.png", "Brand": "No Name", "Url": "https://www.maxi.ca/smooth-peanut-butter-club-size/p/20323398002_EA", "Sub Category": null, "English Name": "Smooth Peanut Butter, Club Size", "Size": "2 kg", "Size Label": "ea"}, {"Category": "Honey, Syrups & Spreads", "Aisle": "Pantry", "Sku": "20374908_EA", "Regular Price": "None", "Sale Price": "4.49", "Image": "https://assets.shop.loblaws.ca/products/20374908/b1/en/front/20374908_front_a01_@2.png", "Brand": "President's Choice", "Url": "https://www.maxi.ca/original-table-syrup/p/20374908_EA", "Sub Category": null, "English Name": "Original Table Syrup", "Size": "750 ml", "Size Label": "ea"}, {"Category": "Honey, Syrups & Spreads", "Aisle": "Pantry", "Sku": "20316212001_EA", "Regular Price": "None", "Sale Price": "3.29", "Image": "https://assets.shop.loblaws.ca/products/20316212001/b1/en/front/20316212001_front_a01_@2.png", "Brand": "No Name", "Url": "https://www.maxi.ca/smooth-peanut-butter/p/20316212001_EA", "Sub Category": null, "English Name": "Smooth Peanut Butter", "Size": "500 g", "Size Label": "ea"}, {"Category": "Honey, Syrups & Spreads", "Aisle": "Pantry", "Sku": "21380971_EA", "Regular Price": "5.99", "Sale Price": "5.77", "Image": "https://assets.shop.loblaws.ca/products/21380971/b1/en/front/21380971_front_a01_@2.png", "Brand": "Kraft", "Url": "https://www.maxi.ca/spread-hazelnut-with-cocoa-45-less-sugar/p/21380971_EA", "Sub Category": null, "English Name": "Spread Hazelnut with Cocoa 45% Less Sugar ", "Size": "725 g", "Size Label": "ea"}, {"Category": "Honey, Syrups & Spreads", "Aisle": "Pantry", "Sku": "20076385_EA", "Regular Price": "None", "Sale Price": "4.49", "Image": "https://assets.shop.loblaws.ca/products/20076385/b1/en/front/20076385_front_a01_@2.png", "Brand": "President's Choice", "Url": "https://www.maxi.ca/syrup-butter-flavoured/p/20076385_EA", "Sub Category": null, "English Name": "Syrup, Butter Flavoured", "Size": "750 ml", "Size Label": "ea"}, {"Category": "Honey, Syrups & Spreads", "Aisle": "Pantry", "Sku": "21385372_EA", "Regular Price": "None", "Sale Price": "6.99", "Image": "https://assets.shop.loblaws.ca/products/21385372/b1/en/front/21385372_front_a01_@2.png", "Brand": "PC Blue Menu", "Url": "https://www.maxi.ca/blueberry/p/21385372_EA", "Sub Category": null, "English Name": "Blueberry", "Size": "500 ml", "Size Label": "ea"}, {"Category": "Honey, Syrups & Spreads", "Aisle": "Pantry", "Sku": "21377240_EA", "Regular Price": "None", "Sale Price": "10.49", "Image": "https://assets.shop.loblaws.ca/products/21377240/b1/en/front/21377240_front_a01_@2.png", "Brand": "BeeMaid", "Url": "https://www.maxi.ca/premium-liquid-honey/p/21377240_EA", "Sub Category": null, "English Name": "Premium Liquid Honey", "Size": "500 g", "Size Label": "ea"}, {"Category": "Honey, Syrups & Spreads", "Aisle": "Pantry", "Sku": "20911872_EA", "Regular Price": "None", "Sale Price": "11.99", "Image": "https://assets.shop.loblaws.ca/products/20911872/b1/en/front/20911872_front_a01_@2.png", "Brand": "Kraft", "Url": "https://www.maxi.ca/crunchy-peanut-butter/p/20911872_EA", "Sub Category": null, "English Name": "Crunchy Peanut Butter", "Size": "2 kg", "Size Label": "ea"}, {"Category": "Honey, Syrups & Spreads", "Aisle": "Pantry", "Sku": "20113065001_EA", "Regular Price": "None", "Sale Price": "6.29", "Image": "https://assets.shop.loblaws.ca/products/20113065001/b1/en/front/20113065001_front_a01_@2.png", "Brand": "Smuckers", "Url": "https://www.maxi.ca/double-fruit-light-strawberry-fruit-spread/p/20113065001_EA", "Sub Category": null, "English Name": "Double Fruit Light Strawberry Fruit Spread", "Size": "500 ml", "Size Label": "ea"}, {"Category": "Honey, Syrups & Spreads", "Aisle": "Pantry", "Sku": "20113065006_EA", "Regular Price": "None", "Sale Price": "7.49", "Image": "https://assets.shop.loblaws.ca/products/20113065006/b1/en/front/20113065006_front_a01_@2.png", "Brand": "Smuckers", "Url": "https://www.maxi.ca/double-fruit-light-raspberry-fruit-spread/p/20113065006_EA", "Sub Category": null, "English Name": "Double Fruit Light Raspberry Fruit Spread", "Size": "500 ml", "Size Label": "ea"}, {"Category": "Honey, Syrups & Spreads", "Aisle": "Pantry", "Sku": "20307313002_EA", "Regular Price": "None", "Sale Price": "5.99", "Image": "https://assets.shop.loblaws.ca/products/20307313002/b1/en/front/20307313002_front_a01_@2.png", "Brand": "Bonne Maman", "Url": "https://www.maxi.ca/mixed-berries-jam/p/20307313002_EA", "Sub Category": null, "English Name": "Mixed Berries Jam", "Size": "250 ml", "Size Label": "ea"}, {"Category": "Honey, Syrups & Spreads", "Aisle": "Pantry", "Sku": "20684116_EA", "Regular Price": "None", "Sale Price": "6.99", "Image": "https://assets.shop.loblaws.ca/products/20684116/b1/en/front/20684116_front_a01_@2.png", "Brand": "President's Choice", "Url": "https://www.maxi.ca/chocolate-hazelnut-spread/p/20684116_EA", "Sub Category": null, "English Name": "Chocolate Hazelnut Spread", "Size": "725 g", "Size Label": "ea"}, {"Category": "Honey, Syrups & Spreads", "Aisle": "Pantry", "Sku": "20055670_EA", "Regular Price": "3.79", "Sale Price": "3.25", "Image": "https://assets.shop.loblaws.ca/products/20055670/b1/en/front/20055670_front_a01_@2.png", "Brand": "Dora", "Url": "https://www.maxi.ca/jam-with-pectin-strawberry/p/20055670_EA", "Sub Category": null, "English Name": "Jam with Pectin Strawberry   ", "Size": "500 ml", "Size Label": "ea"}, {"Category": "Honey, Syrups & Spreads", "Aisle": "Pantry", "Sku": "20859221_EA", "Regular Price": "None", "Sale Price": "5.00", "Image": "https://assets.shop.loblaws.ca/products/20859221/b1/en/front/20859221_front_a01_@2.png", "Brand": "Le Miel d\u2019\u00c9milie", "Url": "https://www.maxi.ca/liquid-honey-golden/p/20859221_EA", "Sub Category": null, "English Name": "Liquid Honey Golden", "Size": "375 g", "Size Label": "ea"}, {"Category": "Honey, Syrups & Spreads", "Aisle": "Pantry", "Sku": "21347097_EA", "Regular Price": "None", "Sale Price": "5.99", "Image": "https://assets.shop.loblaws.ca/products/21347097/b1/en/front/21347097_front_a01_@2.png", "Brand": "PC Black Label", "Url": "https://www.maxi.ca/wildflower-honey-with-turkish-walnuts/p/21347097_EA", "Sub Category": null, "English Name": "Wildflower Honey with Turkish Walnuts", "Size": "250 g", "Size Label": "ea"}, {"Category": "Honey, Syrups & Spreads", "Aisle": "Pantry", "Sku": "20113065006_EA", "Regular Price": "None", "Sale Price": "7.49", "Image": "https://assets.shop.loblaws.ca/products/20113065006/b1/en/front/20113065006_front_a01_@2.png", "Brand": "Smuckers", "Url": "https://www.maxi.ca/double-fruit-light-raspberry-fruit-spread/p/20113065006_EA", "Sub Category": null, "English Name": "Double Fruit Light Raspberry Fruit Spread", "Size": "500 ml", "Size Label": "ea"}, {"Category": "Honey, Syrups & Spreads", "Aisle": "Pantry", "Sku": "21520714_EA", "Regular Price": "None", "Sale Price": "8.49", "Image": "https://assets.shop.loblaws.ca/products/21520714/b1/en/front/21520714_front_a01_@2.png", "Brand": "Bonne Maman", "Url": "https://www.maxi.ca/hazelnut-and-cocoa-spread/p/21520714_EA", "Sub Category": null, "English Name": "Hazelnut And Cocoa Spread", "Size": "250 g", "Size Label": "ea"}, {"Category": "Honey, Syrups & Spreads", "Aisle": "Pantry", "Sku": "20299223001_EA", "Regular Price": "None", "Sale Price": "6.29", "Image": "https://assets.shop.loblaws.ca/products/20299223001/b1/en/front/20299223001_front_a01_@2.png", "Brand": "St Dalfour", "Url": "https://www.maxi.ca/deluxe-spread-strawberry/p/20299223001_EA", "Sub Category": null, "English Name": "Deluxe Spread, Strawberry", "Size": "225 ml", "Size Label": "ea"}, {"Category": "Honey, Syrups & Spreads", "Aisle": "Pantry", "Sku": "20113065007_EA", "Regular Price": "None", "Sale Price": "6.29", "Image": "https://assets.shop.loblaws.ca/products/20113065007/b1/en/front/20113065007_front_a01_@2.png", "Brand": "Smuckers", "Url": "https://www.maxi.ca/double-fruit-light-4-fruits-fruit-spread/p/20113065007_EA", "Sub Category": null, "English Name": "Double Fruit Light 4 Fruits Fruit Spread", "Size": "500 ml", "Size Label": "ea"}, {"Category": "Honey, Syrups & Spreads", "Aisle": "Pantry", "Sku": "20792384_EA", "Regular Price": "None", "Sale Price": "3.49", "Image": "https://assets.shop.loblaws.ca/products/20792384/b1/en/front/20792384_front_a01_@2.png", "Brand": "President's Choice", "Url": "https://www.maxi.ca/chocolate-hazelnut-spread/p/20792384_EA", "Sub Category": null, "English Name": "Chocolate Hazelnut Spread", "Size": "375 g", "Size Label": "ea"}, {"Category": "Honey, Syrups & Spreads", "Aisle": "Pantry", "Sku": "20014467003_EA", "Regular Price": "None", "Sale Price": "7.49", "Image": "https://assets.shop.loblaws.ca/products/20014467003/b1/en/front/20014467003_front_a01_@2.png", "Brand": "Smuckers", "Url": "https://www.maxi.ca/double-fruit-no-sugar-added-raspberry-spread/p/20014467003_EA", "Sub Category": null, "English Name": "Double Fruit No Sugar Added Raspberry Spread", "Size": "375 ml", "Size Label": "ea"}, {"Category": "Honey, Syrups & Spreads", "Aisle": "Pantry", "Sku": "20217879_EA", "Regular Price": "None", "Sale Price": "6.99", "Image": "https://assets.shop.loblaws.ca/products/20217879/b1/en/front/20217879_front_a01_@2.png", "Brand": "No Name", "Url": "https://www.maxi.ca/strawberry-jam-with-pectin/p/20217879_EA", "Sub Category": null, "English Name": "Strawberry Jam with Pectin", "Size": "1 l", "Size Label": "ea"}, {"Category": "Honey, Syrups & Spreads", "Aisle": "Pantry", "Sku": "20307313005_EA", "Regular Price": "None", "Sale Price": "5.99", "Image": "https://assets.shop.loblaws.ca/products/20307313005/b1/en/front/20307313005_front_a01_@2.png", "Brand": "Bonne Maman", "Url": "https://www.maxi.ca/apricot-jam/p/20307313005_EA", "Sub Category": null, "English Name": "Apricot Jam", "Size": "250 ml", "Size Label": "ea"}, {"Category": "Honey, Syrups & Spreads", "Aisle": "Pantry", "Sku": "21085953_EA", "Regular Price": "None", "Sale Price": "3.99", "Image": "https://assets.shop.loblaws.ca/products/21085953/b1/en/front/21085953_front_a01_@2.png", "Brand": "PC Organics", "Url": "https://www.maxi.ca/organic-fruit-spread-wild-blueberry/p/21085953_EA", "Sub Category": null, "English Name": "Organic Fruit Spread Wild Blueberry", "Size": "235 ml", "Size Label": "ea"}, {"Category": "Honey, Syrups & Spreads", "Aisle": "Pantry", "Sku": "20728668_EA", "Regular Price": "None", "Sale Price": "15.99", "Image": "https://assets.shop.loblaws.ca/products/20728668/b1/en/front/20728668_front_a01_@2.png", "Brand": "Doyon", "Url": "https://www.maxi.ca/pure-natural-honey-liquid-white-squeeze/p/20728668_EA", "Sub Category": null, "English Name": "Pure Natural Honey, Liquid White, Squeeze", "Size": "1 kg", "Size Label": "ea"}, {"Category": "Honey, Syrups & Spreads", "Aisle": "Pantry", "Sku": "20300537_EA", "Regular Price": "None", "Sale Price": "6.99", "Image": "https://assets.shop.loblaws.ca/products/20300537/b1/en/front/20300537_front_a01_@2.png", "Brand": "PC Blue Menu", "Url": "https://www.maxi.ca/twice-the-fruit-strawberry-spread/p/20300537_EA", "Sub Category": null, "English Name": "Twice The Fruit Strawberry Spread", "Size": "500 ml", "Size Label": "ea"}, {"Category": "Honey, Syrups & Spreads", "Aisle": "Pantry", "Sku": "20307313004_EA", "Regular Price": "None", "Sale Price": "5.99", "Image": "https://assets.shop.loblaws.ca/products/20307313004/b1/en/front/20307313004_front_a01_@2.png", "Brand": "Bonne Maman", "Url": "https://www.maxi.ca/cherry-jam/p/20307313004_EA", "Sub Category": null, "English Name": "Cherry Jam", "Size": "250 ml", "Size Label": "ea"}, {"Category": "Honey, Syrups & Spreads", "Aisle": "Pantry", "Sku": "20574189_EA", "Regular Price": "None", "Sale Price": "13.49", "Image": "https://assets.shop.loblaws.ca/products/20574189/b1/en/front/20574189_front_a01_@2.png", "Brand": "Nutella", "Url": "https://www.maxi.ca/hazelnut-chocolate-spread/p/20574189_EA", "Sub Category": null, "English Name": "Hazelnut Chocolate Spread", "Size": "2x725.0 g", "Size Label": "ea"}, {"Category": "Honey, Syrups & Spreads", "Aisle": "Pantry", "Sku": "20858728_EA", "Regular Price": "None", "Sale Price": "8.99", "Image": "https://assets.shop.loblaws.ca/products/20858728/b1/en/front/20858728_front_a01_@2.png", "Brand": "Le Miel d\u2019\u00c9milie", "Url": "https://www.maxi.ca/white-churned-honey/p/20858728_EA", "Sub Category": null, "English Name": "White Churned Honey", "Size": "500 g", "Size Label": "ea"}, {"Category": "Honey, Syrups & Spreads", "Aisle": "Pantry", "Sku": "20011837_EA", "Regular Price": "None", "Sale Price": "8.99", "Image": "https://assets.shop.loblaws.ca/products/20011837/b1/en/front/20011837_front_a01_@2.png", "Brand": "Le Miel d\u2019\u00c9milie", "Url": "https://www.maxi.ca/mix-flower-natural-honey-spread/p/20011837_EA", "Sub Category": null, "English Name": "Mix Flower Natural Honey Spread", "Size": "500 g", "Size Label": "ea"}, {"Category": "Honey, Syrups & Spreads", "Aisle": "Pantry", "Sku": "20315646003_EA", "Regular Price": "None", "Sale Price": "5.99", "Image": "https://assets.shop.loblaws.ca/products/20315646003/b1/en/front/20315646003_front_a01_@2.png", "Brand": "Smuckers", "Url": "https://www.maxi.ca/fruit-no-sugar-added-orange-spread/p/20315646003_EA", "Sub Category": null, "English Name": "Fruit No Sugar Added Orange Spread", "Size": "375 ml", "Size Label": "ea"}, {"Category": "Honey, Syrups & Spreads", "Aisle": "Pantry", "Sku": "20312299_EA", "Regular Price": "None", "Sale Price": "6.49", "Image": "https://assets.shop.loblaws.ca/products/20312299/b1/en/front/20312299_front_a01_@2.png", "Brand": "President's Choice", "Url": "https://www.maxi.ca/pure-raspberry-jam/p/20312299_EA", "Sub Category": null, "English Name": "Pure Raspberry Jam", "Size": "500 ml", "Size Label": "ea"}, {"Category": "Honey, Syrups & Spreads", "Aisle": "Pantry", "Sku": "20654374003_EA", "Regular Price": "3.79", "Sale Price": "3.25", "Image": "https://assets.shop.loblaws.ca/products/20654374003/b1/en/front/20654374003_front_a01_@2.png", "Brand": "Dora", "Url": "https://www.maxi.ca/apple-jelly-with-pectin/p/20654374003_EA", "Sub Category": null, "English Name": "Apple Jelly with Pectin", "Size": "500 ml", "Size Label": "ea"}, {"Category": "Honey, Syrups & Spreads", "Aisle": "Pantry", "Sku": "20145630_EA", "Regular Price": "None", "Sale Price": "3.49", "Image": "https://assets.shop.loblaws.ca/products/20145630/b1/en/front/20145630_front_a01_@2.png", "Brand": "Major Gourmet", "Url": "https://www.maxi.ca/hazelnut-spread-gourmet/p/20145630_EA", "Sub Category": null, "English Name": "Hazelnut Spread, Gourmet", "Size": "400 g", "Size Label": "ea"}, {"Category": "Honey, Syrups & Spreads", "Aisle": "Pantry", "Sku": "20310630_EA", "Regular Price": "None", "Sale Price": "5.29", "Image": "https://assets.shop.loblaws.ca/products/20310630/b1/en/front/20310630_front_a01_@2.png", "Brand": "President's Choice", "Url": "https://www.maxi.ca/pure-orange-marmalade/p/20310630_EA", "Sub Category": null, "English Name": "Pure Orange Marmalade", "Size": "500 ml", "Size Label": "ea"}, {"Category": "Honey, Syrups & Spreads", "Aisle": "Pantry", "Sku": "20307313007_EA", "Regular Price": "None", "Sale Price": "5.99", "Image": "https://assets.shop.loblaws.ca/products/20307313007/b1/en/front/20307313007_front_a01_@2.png", "Brand": "Bonne Maman", "Url": "https://www.maxi.ca/wild-blueberry-jam/p/20307313007_EA", "Sub Category": null, "English Name": "Wild Blueberry Jam", "Size": "250 ml", "Size Label": "ea"}, {"Category": "Honey, Syrups & Spreads", "Aisle": "Pantry", "Sku": "20113065004_EA", "Regular Price": "None", "Sale Price": "6.29", "Image": "https://assets.shop.loblaws.ca/products/20113065004/b1/en/front/20113065004_front_a01_@2.png", "Brand": "Smuckers", "Url": "https://www.maxi.ca/double-fruit-regular-strawberry-fruit-spread/p/20113065004_EA", "Sub Category": null, "English Name": "Double Fruit Regular Strawberry Fruit Spread", "Size": "500 ml", "Size Label": "ea"}, {"Category": "Honey, Syrups & Spreads", "Aisle": "Pantry", "Sku": "20113065002_EA", "Regular Price": "None", "Sale Price": "6.29", "Image": "https://assets.shop.loblaws.ca/products/20113065002/b1/en/front/20113065002_front_a01_@2.png", "Brand": "Smuckers", "Url": "https://www.maxi.ca/double-fruit-regular-cherry-fruit-spread/p/20113065002_EA", "Sub Category": null, "English Name": "Double Fruit Regular Cherry Fruit Spread", "Size": "500 ml", "Size Label": "ea"}, {"Category": "Honey, Syrups & Spreads", "Aisle": "Pantry", "Sku": "20064825002_EA", "Regular Price": "None", "Sale Price": "11.99", "Image": "https://assets.shop.loblaws.ca/products/20064825002/b1/en/front/20064825002_front_a01_@2.png", "Brand": "Kraft", "Url": "https://www.maxi.ca/smooth-peanut-butter-light/p/20064825002_EA", "Sub Category": null, "English Name": "Smooth Peanut Butter, Light", "Size": "2 kg", "Size Label": "ea"}, {"Category": "Honey, Syrups & Spreads", "Aisle": "Pantry", "Sku": "21375818_EA", "Regular Price": "None", "Sale Price": "6.99", "Image": "https://assets.shop.loblaws.ca/products/21375818/b1/en/front/21375818_front_a01_@2.png", "Brand": "Beaver Tails", "Url": "https://www.maxi.ca/beavertails-chocolate-hazelnut-spread-crunchy/p/21375818_EA", "Sub Category": null, "English Name": "BeaverTails Chocolate Hazelnut Spread Crunchy ", "Size": "725 g", "Size Label": "ea"}, {"Category": "Honey, Syrups & Spreads", "Aisle": "Pantry", "Sku": "20301559_EA", "Regular Price": "None", "Sale Price": "5.29", "Image": "https://assets.shop.loblaws.ca/products/20301559/b1/en/front/20301559_front_a01_@2.png", "Brand": "President's Choice", "Url": "https://www.maxi.ca/pure-apricot-jam/p/20301559_EA", "Sub Category": null, "English Name": "Pure Apricot Jam", "Size": "500 ml", "Size Label": "ea"}, {"Category": "Honey, Syrups & Spreads", "Aisle": "Pantry", "Sku": "20113065009_EA", "Regular Price": "None", "Sale Price": "6.29", "Image": "https://assets.shop.loblaws.ca/products/20113065009/b1/en/front/20113065009_front_a01_@2.png", "Brand": "Smuckers", "Url": "https://www.maxi.ca/double-fruit-light-blueberry-fruit-spread/p/20113065009_EA", "Sub Category": null, "English Name": "Double Fruit Light Blueberry Fruit Spread", "Size": "500 ml", "Size Label": "ea"}, {"Category": "Honey, Syrups & Spreads", "Aisle": "Pantry", "Sku": "20051179_EA", "Regular Price": "None", "Sale Price": "4.49", "Image": "https://assets.shop.loblaws.ca/products/20051179/b1/en/front/20051179_front_a01_@2.png", "Brand": "Crown", "Url": "https://www.maxi.ca/crown-corn-syrup/p/20051179_EA", "Sub Category": null, "English Name": "Crown Corn Syrup", "Size": "500 ml", "Size Label": "ea"}, {"Category": "Honey, Syrups & Spreads", "Aisle": "Pantry", "Sku": "20113065005_EA", "Regular Price": "None", "Sale Price": "7.49", "Image": "https://assets.shop.loblaws.ca/products/20113065005/b1/en/front/20113065005_front_a01_@2.png", "Brand": "Smuckers", "Url": "https://www.maxi.ca/double-fruit-regular-raspberry-fruit-spread/p/20113065005_EA", "Sub Category": null, "English Name": "Double Fruit Regular Raspberry Fruit Spread", "Size": "500 ml", "Size Label": "ea"}, {"Category": "Honey, Syrups & Spreads", "Aisle": "Pantry", "Sku": "20030667_EA", "Regular Price": "None", "Sale Price": "7.29", "Image": "https://assets.shop.loblaws.ca/products/20030667/b1/en/front/20030667_front_a01_@2.png", "Brand": "Boivin", "Url": "https://www.maxi.ca/petit-cremeux/p/20030667_EA", "Sub Category": null, "English Name": "Petit Cremeux", "Size": "400 g", "Size Label": "ea"}, {"Category": "Honey, Syrups & Spreads", "Aisle": "Pantry", "Sku": "20021206003_EA", "Regular Price": "None", "Sale Price": "5.29", "Image": "https://assets.shop.loblaws.ca/products/20021206003/b1/en/front/20021206003_front_a01_@2.png", "Brand": "Sherriff", "Url": "https://www.maxi.ca/extra-orange-pure-marmalade/p/20021206003_EA", "Sub Category": null, "English Name": "Extra Orange Pure Marmalade", "Size": "375 ml", "Size Label": "ea"}, {"Category": "Honey, Syrups & Spreads", "Aisle": "Pantry", "Sku": "20014467001_EA", "Regular Price": "None", "Sale Price": "5.99", "Image": "https://assets.shop.loblaws.ca/products/20014467001/b1/en/front/20014467001_front_a01_@2.png", "Brand": "Smuckers", "Url": "https://www.maxi.ca/double-fruit-no-sugar-added-strawberry-spread/p/20014467001_EA", "Sub Category": null, "English Name": "Double Fruit No Sugar Added Strawberry Spread", "Size": "375 ml", "Size Label": "ea"}, {"Category": "Honey, Syrups & Spreads", "Aisle": "Pantry", "Sku": "20113065010_EA", "Regular Price": "None", "Sale Price": "6.29", "Image": "https://assets.shop.loblaws.ca/products/20113065010/b1/en/front/20113065010_front_a01_@2.png", "Brand": "Smuckers", "Url": "https://www.maxi.ca/double-fruit-light-apricot-fruit-spread/p/20113065010_EA", "Sub Category": null, "English Name": "Double Fruit Light Apricot Fruit Spread", "Size": "500 ml", "Size Label": "ea"}, {"Category": "Honey, Syrups & Spreads", "Aisle": "Pantry", "Sku": "21520007_EA", "Regular Price": "None", "Sale Price": "16.49", "Image": "https://assets.shop.loblaws.ca/products/21520007/b1/en/front/21520007_front_a01_@2.png", "Brand": "Bonne Maman", "Url": "https://www.maxi.ca/hazelnut-and-cocoa-spread/p/21520007_EA", "Sub Category": null, "English Name": "Hazelnut And Cocoa Spread", "Size": "580 g", "Size Label": "ea"}, {"Category": "Honey, Syrups & Spreads", "Aisle": "Pantry", "Sku": "21179957_EA", "Regular Price": "None", "Sale Price": "10.49", "Image": "https://assets.shop.loblaws.ca/products/21179957/b1/en/front/21179957_front_a01_@2.png", "Brand": "BeeMaid", "Url": "https://www.maxi.ca/raw-honey/p/21179957_EA", "Sub Category": null, "English Name": "Raw Honey     ", "Size": "500 g", "Size Label": "ea"}, {"Category": "Honey, Syrups & Spreads", "Aisle": "Pantry", "Sku": "21023863_EA", "Regular Price": "None", "Sale Price": "6.49", "Image": "https://assets.shop.loblaws.ca/products/21023863/b1/en/front/21023863_front_a01_@2.png", "Brand": "Jif", "Url": "https://www.maxi.ca/crunchy-peanut-butter/p/21023863_EA", "Sub Category": null, "English Name": "Crunchy Peanut Butter", "Size": "1 kg", "Size Label": "ea"}, {"Category": "Honey, Syrups & Spreads", "Aisle": "Pantry", "Sku": "21085957_EA", "Regular Price": "None", "Sale Price": "3.99", "Image": "https://assets.shop.loblaws.ca/products/21085957/b1/en/front/21085957_front_a01_@2.png", "Brand": "PC Organics", "Url": "https://www.maxi.ca/organic-fruit-spread-apricot/p/21085957_EA", "Sub Category": null, "English Name": "Organic Fruit Spread Apricot", "Size": "235 ml", "Size Label": "ea"}, {"Category": "Honey, Syrups & Spreads", "Aisle": "Pantry", "Sku": "20313853_EA", "Regular Price": "None", "Sale Price": "6.79", "Image": "https://assets.shop.loblaws.ca/products/20313853/b1/en/front/20313853_front_a01_@2.png", "Brand": "PC Blue Menu", "Url": "https://www.maxi.ca/twice-the-fruit-raspberry-spread/p/20313853_EA", "Sub Category": null, "English Name": "Twice The Fruit Raspberry Spread", "Size": "500 ml", "Size Label": "ea"}, {"Category": "Honey, Syrups & Spreads", "Aisle": "Pantry", "Sku": "20309937001_EA", "Regular Price": "None", "Sale Price": "6.29", "Image": "https://assets.shop.loblaws.ca/products/20309937001/b1/en/front/20309937001_front_a01_@2.png", "Brand": "Smuckers", "Url": "https://www.maxi.ca/double-fruit-light-garden-fruit-fruit-spread/p/20309937001_EA", "Sub Category": null, "English Name": "Double Fruit Light Garden Fruit Fruit Spread", "Size": "500 ml", "Size Label": "ea"}, {"Category": "Honey, Syrups & Spreads", "Aisle": "Pantry", "Sku": "21315340_EA", "Regular Price": "None", "Sale Price": "3.99", "Image": "https://assets.shop.loblaws.ca/products/21315340/b1/en/front/21315340_front_a01_@2.png", "Brand": "PC Black Label", "Url": "https://www.maxi.ca/maple-butter-spread/p/21315340_EA", "Sub Category": null, "English Name": "Maple Butter Spread", "Size": "158 g", "Size Label": "ea"}, {"Category": "Honey, Syrups & Spreads", "Aisle": "Pantry", "Sku": "20316212003_EA", "Regular Price": "None", "Sale Price": "3.29", "Image": "https://assets.shop.loblaws.ca/products/20316212003/b1/en/front/20316212003_front_a01_@2.png", "Brand": "No Name", "Url": "https://www.maxi.ca/peanut-butter-smooth-light/p/20316212003_EA", "Sub Category": null, "English Name": "Peanut Butter, Smooth Light", "Size": "500 g", "Size Label": "ea"}, {"Category": "Honey, Syrups & Spreads", "Aisle": "Pantry", "Sku": "20057669002_EA", "Regular Price": "None", "Sale Price": "6.49", "Image": "https://assets.shop.loblaws.ca/products/20057669002/b1/en/front/20057669002_front_a01_@2.png", "Brand": "PC Blue Menu", "Url": "https://www.maxi.ca/blue-menu-just-peanuts-crunchy-peanut-butter/p/20057669002_EA", "Sub Category": null, "English Name": "Blue Menu Just Peanuts Crunchy Peanut Butter", "Size": "750 g", "Size Label": "ea"}, {"Category": "Honey, Syrups & Spreads", "Aisle": "Pantry", "Sku": "21449782_EA", "Regular Price": "None", "Sale Price": "2.79", "Image": "https://assets.shop.loblaws.ca/products/21449782/b1/en/front/21449782_front_a01_@2.png", "Brand": "Grenache", "Url": "https://www.maxi.ca/caramel-spread/p/21449782_EA", "Sub Category": null, "English Name": "Caramel Spread", "Size": "400 g", "Size Label": "ea"}, {"Category": "Honey, Syrups & Spreads", "Aisle": "Pantry", "Sku": "21380969_EA", "Regular Price": "5.99", "Sale Price": "5.77", "Image": "https://assets.shop.loblaws.ca/products/21380969/b1/en/front/21380969_front_a01_@2.png", "Brand": "Kraft", "Url": "https://www.maxi.ca/spread-hazelnut-with-cocoa-crunchy/p/21380969_EA", "Sub Category": null, "English Name": "Spread Hazelnut with Cocoa Crunchy ", "Size": "725 g", "Size Label": "ea"}, {"Category": "Honey, Syrups & Spreads", "Aisle": "Pantry", "Sku": "20302533001_EA", "Regular Price": "None", "Sale Price": "9.49", "Image": "https://assets.shop.loblaws.ca/products/20302533001/b1/en/front/20302533001_front_a01_@2.png", "Brand": "Smuckers", "Url": "https://www.maxi.ca/double-fruit-light-strawberry-fruit-spread/p/20302533001_EA", "Sub Category": null, "English Name": "Double Fruit Light Strawberry Fruit Spread", "Size": "1 l", "Size Label": "ea"}, {"Category": "Honey, Syrups & Spreads", "Aisle": "Pantry", "Sku": "20318554_EA", "Regular Price": "None", "Sale Price": "6.99", "Image": "https://assets.shop.loblaws.ca/products/20318554/b1/en/front/20318554_front_a01_@2.png", "Brand": "PC Blue Menu", "Url": "https://www.maxi.ca/twice-the-fruit-strawberry-rhubarb-spread/p/20318554_EA", "Sub Category": null, "English Name": "Twice The Fruit Strawberry Rhubarb Spread", "Size": "500 ml", "Size Label": "ea"}, {"Category": "Honey, Syrups & Spreads", "Aisle": "Pantry", "Sku": "21347091_EA", "Regular Price": "None", "Sale Price": "8.49", "Image": "https://assets.shop.loblaws.ca/products/21347091/b1/en/front/21347091_front_a01_@2.png", "Brand": "PC Black Label", "Url": "https://www.maxi.ca/honeycomb-in-wildflower-honey/p/21347091_EA", "Sub Category": null, "English Name": "Honeycomb in Wildflower Honey", "Size": "400 g", "Size Label": "ea"}, {"Category": "Honey, Syrups & Spreads", "Aisle": "Pantry", "Sku": "20966124_EA", "Regular Price": "None", "Sale Price": "7.99", "Image": "https://assets.shop.loblaws.ca/products/20966124/b1/en/front/20966124_front_a01_@2.png", "Brand": "PC Blue Menu", "Url": "https://www.maxi.ca/just-almonds-smooth-almond-butter/p/20966124_EA", "Sub Category": null, "English Name": "Just Almonds Smooth Almond Butter", "Size": "340 g", "Size Label": "ea"}, {"Category": "Honey, Syrups & Spreads", "Aisle": "Pantry", "Sku": "21347091_EA", "Regular Price": "None", "Sale Price": "8.49", "Image": "https://assets.shop.loblaws.ca/products/21347091/b1/en/front/21347091_front_a01_@2.png", "Brand": "PC Black Label", "Url": "https://www.maxi.ca/honeycomb-in-wildflower-honey/p/21347091_EA", "Sub Category": null, "English Name": "Honeycomb in Wildflower Honey", "Size": "400 g", "Size Label": "ea"}, {"Category": "Honey, Syrups & Spreads", "Aisle": "Pantry", "Sku": "21086011_EA", "Regular Price": "None", "Sale Price": "3.99", "Image": "https://assets.shop.loblaws.ca/products/21086011/b1/en/front/21086011_front_a01_@2.png", "Brand": "PC Organics", "Url": "https://www.maxi.ca/organic-fruit-spread-raspberry/p/21086011_EA", "Sub Category": null, "English Name": "Organic Fruit Spread Raspberry", "Size": "235 ml", "Size Label": "ea"}, {"Category": "Dried Beans, Vegetables & Grains", "Aisle": "Pantry", "Sku": "20629679_EA", "Regular Price": "None", "Sale Price": "3.99", "Image": "https://assets.shop.loblaws.ca/products/20629679/b1/en/front/20629679_front_a01_@2.png", "Brand": "PC Blue Menu", "Url": "https://www.maxi.ca/green-lentils/p/20629679_EA", "Sub Category": null, "English Name": "Green Lentils", "Size": "900 g", "Size Label": "ea"}, {"Category": "Dried Beans, Vegetables & Grains", "Aisle": "Pantry", "Sku": "20629209_EA", "Regular Price": "None", "Sale Price": "2.39", "Image": "https://assets.shop.loblaws.ca/products/20629209/b1/en/front/20629209_front_a01_@2.png", "Brand": "PC Blue Menu", "Url": "https://www.maxi.ca/pot-barley/p/20629209_EA", "Sub Category": null, "English Name": "Pot Barley", "Size": "450 g", "Size Label": "ea"}, {"Category": "Dried Beans, Vegetables & Grains", "Aisle": "Pantry", "Sku": "20143160_EA", "Regular Price": "None", "Sale Price": "3.79", "Image": "https://assets.shop.loblaws.ca/products/20143160/b1/en/front/20143160_front_a01_@2.png", "Brand": "Thompson", "Url": "https://www.maxi.ca/white-pea-beans/p/20143160_EA", "Sub Category": null, "English Name": "White Pea Beans", "Size": "907 g", "Size Label": "ea"}, {"Category": "Dried Beans, Vegetables & Grains", "Aisle": "Pantry", "Sku": "20312891_EA", "Regular Price": "None", "Sale Price": "3.29", "Image": "https://assets.shop.loblaws.ca/products/20312891/b1/en/front/20312891_front_a01_@2.png", "Brand": "Clic", "Url": "https://www.maxi.ca/chick-peas/p/20312891_EA", "Sub Category": null, "English Name": "Chick Peas", "Size": "907 g", "Size Label": "ea"}, {"Category": "Dried Beans, Vegetables & Grains", "Aisle": "Pantry", "Sku": "20146109_EA", "Regular Price": "None", "Sale Price": "2.49", "Image": "https://assets.shop.loblaws.ca/products/20146109/b1/en/front/20146109_front_a01_@2.png", "Brand": "Clic", "Url": "https://www.maxi.ca/wheatlet/p/20146109_EA", "Sub Category": null, "English Name": "Wheatlet", "Size": "907 g", "Size Label": "ea"}, {"Category": "Dried Beans, Vegetables & Grains", "Aisle": "Pantry", "Sku": "20077426_EA", "Regular Price": "None", "Sale Price": "3.99", "Image": "https://assets.shop.loblaws.ca/products/20077426/b1/en/front/20077426_front_a01_@2.png", "Brand": "Clic", "Url": "https://www.maxi.ca/medium-couscous/p/20077426_EA", "Sub Category": null, "English Name": "Medium Couscous", "Size": "907 g", "Size Label": "ea"}, {"Category": "Dried Beans, Vegetables & Grains", "Aisle": "Pantry", "Sku": "20135053_EA", "Regular Price": "None", "Sale Price": "2.29", "Image": "https://assets.shop.loblaws.ca/products/20135053/b1/en/front/20135053_front_a01_@2.png", "Brand": "St Arnaud", "Url": "https://www.maxi.ca/yellow-pea-soup/p/20135053_EA", "Sub Category": null, "English Name": "Yellow Pea Soup", "Size": "900 g", "Size Label": "ea"}, {"Category": "Dried Beans, Vegetables & Grains", "Aisle": "Pantry", "Sku": "20322981_EA", "Regular Price": "3.99", "Sale Price": "3.29", "Image": "https://assets.shop.loblaws.ca/products/20322981/b1/en/front/20322981_front_a01_@2.png", "Brand": "Clic", "Url": "https://www.maxi.ca/peas-yellow/p/20322981_EA", "Sub Category": null, "English Name": "Peas, Yellow", "Size": "907 g", "Size Label": "ea"}, {"Category": "Baking Essentials", "Aisle": "Pantry", "Sku": "20145033_EA", "Regular Price": "None", "Sale Price": "2.99", "Image": "https://assets.shop.loblaws.ca/products/20145033/b1/en/front/20145033_front_a01_@2.png", "Brand": "Lantic", "Url": "https://www.maxi.ca/granulated-sugar/p/20145033_EA", "Sub Category": null, "English Name": "Granulated Sugar", "Size": "2 kg", "Size Label": "ea"}, {"Category": "Baking Essentials", "Aisle": "Pantry", "Sku": "20022361_EA", "Regular Price": "None", "Sale Price": "6.99", "Image": "https://assets.shop.loblaws.ca/products/20022361/b1/en/front/20022361_front_a01_@2.png", "Brand": "ED Smith", "Url": "https://www.maxi.ca/pure-pumpkin/p/20022361_EA", "Sub Category": null, "English Name": "Pure Pumpkin", "Size": "796 ml", "Size Label": "ea"}, {"Category": "Baking Essentials", "Aisle": "Pantry", "Sku": "20169394_EA", "Regular Price": "3.49", "Sale Price": "2.79", "Image": "https://assets.shop.loblaws.ca/products/20169394/b1/en/front/20169394_front_a01_@2.png", "Brand": "Lantic", "Url": "https://www.maxi.ca/natural-old-fashioned-brown-sugar/p/20169394_EA", "Sub Category": null, "English Name": "Natural Old Fashioned Brown Sugar", "Size": "1 kg", "Size Label": "ea"}, {"Category": "Baking Essentials", "Aisle": "Pantry", "Sku": "21452844_EA", "Regular Price": "3.99", "Sale Price": "3.29", "Image": "https://assets.shop.loblaws.ca/products/21452844/b1/en/front/21452844_front_a01_@2.png", "Brand": "Hershey's", "Url": "https://www.maxi.ca/chipits-milk-chocolate-chips-250g/p/21452844_EA", "Sub Category": null, "English Name": "Chipits Milk Chocolate Chips, 250G", "Size": "250 g", "Size Label": "ea"}, {"Category": "Baking Essentials", "Aisle": "Pantry", "Sku": "20022248_EA", "Regular Price": "None", "Sale Price": "11.99", "Image": "https://assets.shop.loblaws.ca/products/20022248/b1/en/front/20022248_front_a01_@2.png", "Brand": "No Name", "Url": "https://www.maxi.ca/all-purpose-flour/p/20022248_EA", "Sub Category": null, "English Name": "All-Purpose Flour", "Size": "10 kg", "Size Label": "ea"}, {"Category": "Baking Essentials", "Aisle": "Pantry", "Sku": "20016320_EA", "Regular Price": "3.49", "Sale Price": "2.79", "Image": "https://assets.shop.loblaws.ca/products/20016320/b1/en/front/20016320_front_a01_@2.png", "Brand": "Lantic", "Url": "https://www.maxi.ca/brilliant-yellow-sugar/p/20016320_EA", "Sub Category": null, "English Name": "Brilliant Yellow Sugar", "Size": "1 kg", "Size Label": "ea"}, {"Category": "Baking Essentials", "Aisle": "Pantry", "Sku": "20087098_EA", "Regular Price": "None", "Sale Price": "3.69", "Image": "https://assets.shop.loblaws.ca/products/20087098/b1/en/front/20087098_front_a01_@2.png", "Brand": "Rogers", "Url": "https://www.maxi.ca/demerara-brown-sugar/p/20087098_EA", "Sub Category": null, "English Name": "Demerara Brown Sugar", "Size": "1 kg", "Size Label": "ea"}, {"Category": "Baking Essentials", "Aisle": "Pantry", "Sku": "21452924_EA", "Regular Price": "3.99", "Sale Price": "3.29", "Image": "https://assets.shop.loblaws.ca/products/21452924/b1/en/front/21452924_front_a01_@2.png", "Brand": "Hershey's", "Url": "https://www.maxi.ca/chipits-pure-semi-sweet-chocolate-chips-270g/p/21452924_EA", "Sub Category": null, "English Name": "Chipits Pure Semi-Sweet Chocolate Chips, 270G", "Size": "270 g", "Size Label": "ea"}, {"Category": "Baking Essentials", "Aisle": "Pantry", "Sku": "20013256_EA", "Regular Price": "None", "Sale Price": "3.99", "Image": "https://assets.shop.loblaws.ca/products/20013256/b1/en/front/20013256_front_a01_@2.png", "Brand": "No Name", "Url": "https://www.maxi.ca/all-purpose-flour/p/20013256_EA", "Sub Category": null, "English Name": "All-Purpose Flour", "Size": "2.5 kg", "Size Label": "ea"}, {"Category": "Baking Essentials", "Aisle": "Pantry", "Sku": "20304672001_EA", "Regular Price": "None", "Sale Price": "2.99", "Image": "https://assets.shop.loblaws.ca/products/20304672001/b1/en/front/20304672001_front_a01_@2.png", "Brand": "No Name", "Url": "https://www.maxi.ca/large-marshmallows/p/20304672001_EA", "Sub Category": null, "English Name": "Large Marshmallows", "Size": "400 g", "Size Label": "ea"}, {"Category": "Baking Essentials", "Aisle": "Pantry", "Sku": "20097340_EA", "Regular Price": "3.49", "Sale Price": "2.79", "Image": "https://assets.shop.loblaws.ca/products/20097340/b1/en/front/20097340_front_a01_@2.png", "Brand": "Lantic", "Url": "https://www.maxi.ca/icing-sugar/p/20097340_EA", "Sub Category": null, "English Name": "Icing Sugar", "Size": "1 kg", "Size Label": "ea"}, {"Category": "Baking Essentials", "Aisle": "Pantry", "Sku": "20039497001_EA", "Regular Price": "None", "Sale Price": "5.99", "Image": "https://assets.shop.loblaws.ca/products/20039497001/b1/en/front/20039497001_front_a01_@2.png", "Brand": "Robin Hood", "Url": "https://www.maxi.ca/original-all-purpose-flour/p/20039497001_EA", "Sub Category": null, "English Name": "Original All Purpose Flour", "Size": "2.5 kg", "Size Label": "ea"}, {"Category": "Baking Essentials", "Aisle": "Pantry", "Sku": "20027695_EA", "Regular Price": "4.79", "Sale Price": "4.49", "Image": "https://assets.shop.loblaws.ca/products/20027695/b1/en/front/20027695_front_a01_@2.png", "Brand": "Tenderflake", "Url": "https://www.maxi.ca/pure-lard/p/20027695_EA", "Sub Category": null, "English Name": "Pure Lard", "Size": "454 g", "Size Label": "ea"}, {"Category": "Baking Essentials", "Aisle": "Pantry", "Sku": "20304672002_EA", "Regular Price": "None", "Sale Price": "2.99", "Image": "https://assets.shop.loblaws.ca/products/20304672002/b1/en/front/20304672002_front_a01_@2.png", "Brand": "No Name", "Url": "https://www.maxi.ca/mini-marshmallows/p/20304672002_EA", "Sub Category": null, "English Name": "Mini Marshmallows", "Size": "400 g", "Size Label": "ea"}, {"Category": "Baking Essentials", "Aisle": "Pantry", "Sku": "21547837_EA", "Regular Price": "None", "Sale Price": "2.49", "Image": "https://assets.shop.loblaws.ca/products/21547837/b1/en/front/21547837_front_a01_@2.png", "Brand": "Betty Crocker", "Url": "https://www.maxi.ca/super-moist-cake-mix-rainbow-bits/p/21547837_EA", "Sub Category": null, "English Name": "Super Moist Cake Mix Rainbow Bits", "Size": "375 g", "Size Label": "ea"}, {"Category": "Baking Essentials", "Aisle": "Pantry", "Sku": "20063491001_EA", "Regular Price": "None", "Sale Price": "1.99", "Image": "https://assets.shop.loblaws.ca/products/20063491001/b1/en/front/20063491001_front_a01_@2.png", "Brand": "Arm & Hammer", "Url": "https://www.maxi.ca/baking-soda/p/20063491001_EA", "Sub Category": null, "English Name": "Baking Soda", "Size": "500 g", "Size Label": "ea"}, {"Category": "Baking Essentials", "Aisle": "Pantry", "Sku": "21547838_EA", "Regular Price": "None", "Sale Price": "2.49", "Image": "https://assets.shop.loblaws.ca/products/21547838/b1/en/front/21547838_front_a01_@2.png", "Brand": "Betty Crocker", "Url": "https://www.maxi.ca/super-moist-cake-mix-devil-s-food/p/21547838_EA", "Sub Category": null, "English Name": "Super Moist Cake Mix Devil's Food", "Size": "375 g", "Size Label": "ea"}, {"Category": "Baking Essentials", "Aisle": "Pantry", "Sku": "21547846_EA", "Regular Price": "None", "Sale Price": "2.49", "Image": "https://assets.shop.loblaws.ca/products/21547846/b1/en/front/21547846_front_a01_@2.png", "Brand": "Betty Crocker", "Url": "https://www.maxi.ca/super-moist-cake-mix-chocolate-fudge/p/21547846_EA", "Sub Category": null, "English Name": "Super Moist Cake Mix Chocolate Fudge", "Size": "375 g", "Size Label": "ea"}, {"Category": "Baking Essentials", "Aisle": "Pantry", "Sku": "20011473_EA", "Regular Price": "None", "Sale Price": "3.99", "Image": "https://assets.shop.loblaws.ca/products/20011473/b1/en/front/20011473_front_a01_@2.png", "Brand": "President's Choice", "Url": "https://www.maxi.ca/the-decadent-semi-sweet-chocolate-chips/p/20011473_EA", "Sub Category": null, "English Name": "The Decadent Semi-Sweet Chocolate Chips", "Size": "300 g", "Size Label": "ea"}, {"Category": "Baking Essentials", "Aisle": "Pantry", "Sku": "21020366_EA", "Regular Price": "None", "Sale Price": "3.99", "Image": "https://assets.shop.loblaws.ca/products/21020366/b1/en/front/21020366_front_a01_@2.png", "Brand": "No Name", "Url": "https://www.maxi.ca/100-pure-corn-starch/p/21020366_EA", "Sub Category": null, "English Name": "100% Pure Corn Starch", "Size": "454 g", "Size Label": "ea"}, {"Category": "Baking Essentials", "Aisle": "Pantry", "Sku": "20588353_EA", "Regular Price": "None", "Sale Price": "10.99", "Image": "https://assets.shop.loblaws.ca/products/20588353/b1/en/front/20588353_front_a01_@2.png", "Brand": "President's Choice", "Url": "https://www.maxi.ca/the-decadent-semi-sweet-chocolate-chips-club-size/p/20588353_EA", "Sub Category": null, "English Name": "The Decadent Semi Sweet Chocolate Chips, Club Size", "Size": "1 kg", "Size Label": "ea"}, {"Category": "Baking Essentials", "Aisle": "Pantry", "Sku": "21475300_EA", "Regular Price": "4.29", "Sale Price": "3.99", "Image": "https://assets.shop.loblaws.ca/products/21475300/b1/en/front/21475300_front_a01_@2.png", "Brand": "Crisco", "Url": "https://www.maxi.ca/all-vegetables-shortening/p/21475300_EA", "Sub Category": null, "English Name": "All Vegetables Shortening", "Size": "454 g", "Size Label": "ea"}, {"Category": "Baking Essentials", "Aisle": "Pantry", "Sku": "21030802_EA", "Regular Price": "None", "Sale Price": "3.99", "Image": "https://assets.shop.loblaws.ca/products/21030802/b1/en/front/21030802_front_a01_@2.png", "Brand": "No Name", "Url": "https://www.maxi.ca/unbleached-all-purpose-flour/p/21030802_EA", "Sub Category": null, "English Name": "Unbleached All-Purpose Flour", "Size": "2.5 kg", "Size Label": "ea"}, {"Category": "Baking Essentials", "Aisle": "Pantry", "Sku": "20175129_EA", "Regular Price": "None", "Sale Price": "3.99", "Image": "https://assets.shop.loblaws.ca/products/20175129/b1/en/front/20175129_front_a01_@2.png", "Brand": "President's Choice", "Url": "https://www.maxi.ca/extra-fluffy-buttermilk-pancake-waffle-mix/p/20175129_EA", "Sub Category": null, "English Name": "Extra-Fluffy Buttermilk Pancake & Waffle Mix", "Size": "905 g", "Size Label": "ea"}, {"Category": "Baking Essentials", "Aisle": "Pantry", "Sku": "21452929_EA", "Regular Price": "3.99", "Sale Price": "3.29", "Image": "https://assets.shop.loblaws.ca/products/21452929/b1/en/front/21452929_front_a01_@2.png", "Brand": "Hershey's", "Url": "https://www.maxi.ca/chipits-special-dark-chocolate-chips-225g/p/21452929_EA", "Sub Category": null, "English Name": "Chipits Special Dark Chocolate Chips, 225G", "Size": "225 g", "Size Label": "ea"}, {"Category": "Baking Essentials", "Aisle": "Pantry", "Sku": "20134743_EA", "Regular Price": "18.99", "Sale Price": "11.99", "Image": "https://assets.shop.loblaws.ca/products/20134743/b1/en/front/20134743_front_a01_@2.png", "Brand": "Robin Hood", "Url": "https://www.maxi.ca/original-all-purpose-flour/p/20134743_EA", "Sub Category": null, "English Name": "Original All Purpose Flour", "Size": "10 kg", "Size Label": "ea"}, {"Category": "Baking Essentials", "Aisle": "Pantry", "Sku": "20430272_EA", "Regular Price": "None", "Sale Price": "3.99", "Image": "https://assets.shop.loblaws.ca/products/20430272/b1/en/front/20430272_front_a01_@2.png", "Brand": "President's Choice", "Url": "https://www.maxi.ca/the-decadent-milk-chocolate-chips/p/20430272_EA", "Sub Category": null, "English Name": "The Decadent Milk Chocolate Chips", "Size": "270 g", "Size Label": "ea"}, {"Category": "Baking Essentials", "Aisle": "Pantry", "Sku": "21547834_EA", "Regular Price": "None", "Sale Price": "2.49", "Image": "https://assets.shop.loblaws.ca/products/21547834/b1/en/front/21547834_front_a01_@2.png", "Brand": "Betty Crocker", "Url": "https://www.maxi.ca/super-moist-cake-mix-french-vanilla/p/21547834_EA", "Sub Category": null, "English Name": "Super Moist Cake Mix French Vanilla", "Size": "375 g", "Size Label": "ea"}, {"Category": "Baking Essentials", "Aisle": "Pantry", "Sku": "21452928_EA", "Regular Price": "3.99", "Sale Price": "3.29", "Image": "https://assets.shop.loblaws.ca/products/21452928/b1/en/front/21452928_front_a01_@2.png", "Brand": "Hershey's", "Url": "https://www.maxi.ca/chipits-butterscotch-baking-chips/p/21452928_EA", "Sub Category": null, "English Name": "Chipits Butterscotch Baking Chips", "Size": "270 g", "Size Label": "ea"}, {"Category": "Baking Essentials", "Aisle": "Pantry", "Sku": "21069789_EA", "Regular Price": "None", "Sale Price": "3.99", "Image": "https://assets.shop.loblaws.ca/products/21069789/b1/en/front/21069789_front_a01_@2.png", "Brand": "President's Choice", "Url": "https://www.maxi.ca/the-decadent-semi-sweet-mini-chocolate-chips/p/21069789_EA", "Sub Category": null, "English Name": "The Decadent Semi-Sweet Mini Chocolate Chips", "Size": "300 g", "Size Label": "ea"}, {"Category": "Baking Essentials", "Aisle": "Pantry", "Sku": "20006692_EA", "Regular Price": "None", "Sale Price": "4.49", "Image": "https://assets.shop.loblaws.ca/products/20006692/b1/en/front/20006692_front_a01_@2.png", "Brand": "Canada Corn Starch", "Url": "https://www.maxi.ca/gluten-free-corn-starch/p/20006692_EA", "Sub Category": null, "English Name": "Gluten-Free Corn Starch", "Size": "454 g", "Size Label": "ea"}, {"Category": "Baking Essentials", "Aisle": "Pantry", "Sku": "20307001001_EA", "Regular Price": "None", "Sale Price": "1.39", "Image": "https://assets.shop.loblaws.ca/products/20307001001/b1/en/front/20307001001_front_a01_@2.png", "Brand": "Jell-O", "Url": "https://www.maxi.ca/vanilla-instant-pudding-mix/p/20307001001_EA", "Sub Category": null, "English Name": "Vanilla Instant Pudding Mix", "Size": "102 g", "Size Label": "ea"}, {"Category": "Baking Essentials", "Aisle": "Pantry", "Sku": "20430430_EA", "Regular Price": "None", "Sale Price": "10.99", "Image": "https://assets.shop.loblaws.ca/products/20430430/b1/en/front/20430430_front_a01_@2.png", "Brand": "President's Choice", "Url": "https://www.maxi.ca/the-decadent-milk-chocolate-chips/p/20430430_EA", "Sub Category": null, "English Name": "The Decadent Milk Chocolate Chips", "Size": "775 g", "Size Label": "ea"}, {"Category": "Baking Essentials", "Aisle": "Pantry", "Sku": "20163323_EA", "Regular Price": "None", "Sale Price": "5.99", "Image": "https://assets.shop.loblaws.ca/products/20163323/b1/en/front/20163323_front_a01_@2.png", "Brand": "No Name", "Url": "https://www.maxi.ca/baking-powder/p/20163323_EA", "Sub Category": null, "English Name": "Baking Powder", "Size": "450 g", "Size Label": "ea"}, {"Category": "Baking Essentials", "Aisle": "Pantry", "Sku": "20297753001_EA", "Regular Price": "None", "Sale Price": "5.99", "Image": "https://assets.shop.loblaws.ca/products/20297753001/b1/en/front/20297753001_front_a01_@2.png", "Brand": "ED Smith", "Url": "https://www.maxi.ca/cherry-pie-filling/p/20297753001_EA", "Sub Category": null, "English Name": "Cherry Pie Filling", "Size": "540 ml", "Size Label": "ea"}, {"Category": "Baking Essentials", "Aisle": "Pantry", "Sku": "21351074_EA", "Regular Price": "2.29", "Sale Price": "1.99", "Image": "https://assets.shop.loblaws.ca/products/21351074/b1/en/front/21351074_front_a01_@2.png", "Brand": "Fleischmanns", "Url": "https://www.maxi.ca/quick-rise-yeast/p/21351074_EA", "Sub Category": null, "English Name": "Quick Rise Yeast", "Size": "24 g", "Size Label": "ea"}, {"Category": "Baking Essentials", "Aisle": "Pantry", "Sku": "20124984_EA", "Regular Price": "None", "Sale Price": "6.99", "Image": "https://assets.shop.loblaws.ca/products/20124984/b1/en/front/20124984_front_a01_@2.png", "Brand": "Magic Baking Powder", "Url": "https://www.maxi.ca/baking-powder-450-gr/p/20124984_EA", "Sub Category": null, "English Name": "Baking Powder 450 gr", "Size": "450 g", "Size Label": "ea"}, {"Category": "Baking Essentials", "Aisle": "Pantry", "Sku": "20322910004_EA", "Regular Price": "3.99", "Sale Price": "3.29", "Image": "https://assets.shop.loblaws.ca/products/20322910004/b1/en/front/20322910004_front_a01_@2.png", "Brand": "Hershey's", "Url": "https://www.maxi.ca/chipits-toffee-bits-baking-candy-200g/p/20322910004_EA", "Sub Category": null, "English Name": "Chipits  Toffee Bits Baking Candy, 200G", "Size": "200 g", "Size Label": "ea"}, {"Category": "Baking Essentials", "Aisle": "Pantry", "Sku": "20698805_EA", "Regular Price": "None", "Sale Price": "1.69", "Image": "https://assets.shop.loblaws.ca/products/20698805/b1/en/front/20698805_front_a01_@2.png", "Brand": "Arm & Hammer", "Url": "https://www.maxi.ca/fridge-n-freezer-baking-soda/p/20698805_EA", "Sub Category": null, "English Name": "Fridge-N-Freezer Baking Soda", "Size": "500 g", "Size Label": "ea"}, {"Category": "Baking Essentials", "Aisle": "Pantry", "Sku": "20002659_EA", "Regular Price": "None", "Sale Price": "3.99", "Image": "https://assets.shop.loblaws.ca/products/20002659/b1/en/front/20002659_front_a01_@2.png", "Brand": "No Name", "Url": "https://www.maxi.ca/semi-sweet-chocolate-chips/p/20002659_EA", "Sub Category": null, "English Name": "Semi-Sweet Chocolate Chips", "Size": "300 g", "Size Label": "ea"}, {"Category": "Baking Essentials", "Aisle": "Pantry", "Sku": "20301064001_EA", "Regular Price": "None", "Sale Price": "5.99", "Image": "https://assets.shop.loblaws.ca/products/20301064001/b1/en/front/20301064001_front_a01_@2.png", "Brand": "Quaker", "Url": "https://www.maxi.ca/oatmeal-chocolate-chip-muffin-mix/p/20301064001_EA", "Sub Category": null, "English Name": "Oatmeal Chocolate Chip Muffin Mix", "Size": "900 g", "Size Label": "ea"}, {"Category": "Baking Essentials", "Aisle": "Pantry", "Sku": "20317293001_EA", "Regular Price": "None", "Sale Price": "1.29", "Image": "https://assets.shop.loblaws.ca/products/20317293001/b1/en/front/20317293001_front_a01_@2.png", "Brand": "Jell-O", "Url": "https://www.maxi.ca/strawberry-jelly-powder-gelatin-mix/p/20317293001_EA", "Sub Category": null, "English Name": "Strawberry Jelly Powder, Gelatin Mix", "Size": "85 g", "Size Label": "ea"}, {"Category": "Baking Essentials", "Aisle": "Pantry", "Sku": "21452927_EA", "Regular Price": "4.49", "Sale Price": "3.29", "Image": "https://assets.shop.loblaws.ca/products/21452927/b1/en/front/21452927_front_a01_@2.png", "Brand": "Hershey's", "Url": "https://www.maxi.ca/chipits-white-creme-baking-chips-200g/p/21452927_EA", "Sub Category": null, "English Name": "Chipits White Creme Baking Chips, 200G", "Size": "200 g", "Size Label": "ea"}, {"Category": "Baking Essentials", "Aisle": "Pantry", "Sku": "20604213_EA", "Regular Price": "None", "Sale Price": "7.99", "Image": "https://assets.shop.loblaws.ca/products/20604213/b1/en/front/20604213_front_a01_@2.png", "Brand": "Blonvilliers", "Url": "https://www.maxi.ca/sugar-cubes-gold/p/20604213_EA", "Sub Category": null, "English Name": "Sugar Cubes, Gold", "Size": "1 kg", "Size Label": "ea"}, {"Category": "Baking Essentials", "Aisle": "Pantry", "Sku": "20426875_EA", "Regular Price": "None", "Sale Price": "19.99", "Image": "https://assets.shop.loblaws.ca/products/20426875/b1/en/front/20426875_front_a01_@2.png", "Brand": "No Name", "Url": "https://www.maxi.ca/whole-almonds/p/20426875_EA", "Sub Category": null, "English Name": "Whole Almonds", "Size": "1 kg", "Size Label": "ea"}, {"Category": "Baking Essentials", "Aisle": "Pantry", "Sku": "21452942_EA", "Regular Price": "None", "Sale Price": "11.49", "Image": "https://assets.shop.loblaws.ca/products/21452942/b1/en/front/21452942_front_a01_@2.png", "Brand": "Hershey's", "Url": "https://www.maxi.ca/chipits-milk-chocolate-chips-835g/p/21452942_EA", "Sub Category": null, "English Name": "Chipits Milk Chocolate Chips, 835G", "Size": "835 g", "Size Label": "ea"}, {"Category": "Baking Essentials", "Aisle": "Pantry", "Sku": "20618078_EA", "Regular Price": "None", "Sale Price": "1.29", "Image": "https://assets.shop.loblaws.ca/products/20618078/b1/en/front/20618078_front_a01_@2.png", "Brand": "No Name", "Url": "https://www.maxi.ca/peanut-pieces/p/20618078_EA", "Sub Category": null, "English Name": "Peanut Pieces", "Size": "100 g", "Size Label": "ea"}, {"Category": "Baking Essentials", "Aisle": "Pantry", "Sku": "21124857_EA", "Regular Price": "None", "Sale Price": "6.79", "Image": "https://assets.shop.loblaws.ca/products/21124857/b1/en/front/21124857_front_a01_@2.png", "Brand": "Lantic", "Url": "https://www.maxi.ca/maple-flakes/p/21124857_EA", "Sub Category": null, "English Name": "Maple Flakes", "Size": "170 g", "Size Label": "ea"}, {"Category": "Baking Essentials", "Aisle": "Pantry", "Sku": "20426875_EA", "Regular Price": "None", "Sale Price": "19.99", "Image": "https://assets.shop.loblaws.ca/products/20426875/b1/en/front/20426875_front_a01_@2.png", "Brand": "No Name", "Url": "https://www.maxi.ca/whole-almonds/p/20426875_EA", "Sub Category": null, "English Name": "Whole Almonds", "Size": "1 kg", "Size Label": "ea"}, {"Category": "Baking Essentials", "Aisle": "Pantry", "Sku": "20788827_EA", "Regular Price": "None", "Sale Price": "8.49", "Image": "https://assets.shop.loblaws.ca/products/20788827/b1/en/front/20788827_front_a01_@2.png", "Brand": "No Name", "Url": "https://www.maxi.ca/granulated-calorie-free-sucralose-sweetener/p/20788827_EA", "Sub Category": null, "English Name": "Granulated Calorie-Free Sucralose Sweetener", "Size": "275 g", "Size Label": "ea"}, {"Category": "Baking Essentials", "Aisle": "Pantry", "Sku": "20130250_EA", "Regular Price": "None", "Sale Price": "3.99", "Image": "https://assets.shop.loblaws.ca/products/20130250/b1/en/front/20130250_front_a01_@2.png", "Brand": "Dr Oetker", "Url": "https://www.maxi.ca/shirriff-filling-and-dessert-mix-lemon-pie/p/20130250_EA", "Sub Category": null, "English Name": "Shirriff Filling and Dessert Mix, Lemon Pie", "Size": "425 g", "Size Label": "ea"}, {"Category": "Baking Essentials", "Aisle": "Pantry", "Sku": "20672168_EA", "Regular Price": "None", "Sale Price": "2.79", "Image": "https://assets.shop.loblaws.ca/products/20672168/b1/en/front/20672168_front_a01_@2.png", "Brand": "Ocean Spray", "Url": "https://www.maxi.ca/craisins-reduced-sugar/p/20672168_EA", "Sub Category": null, "English Name": "Craisins Reduced Sugar", "Size": "142 g", "Size Label": "ea"}, {"Category": "Baking Essentials", "Aisle": "Pantry", "Sku": "20604213_EA", "Regular Price": "None", "Sale Price": "7.99", "Image": "https://assets.shop.loblaws.ca/products/20604213/b1/en/front/20604213_front_a01_@2.png", "Brand": "Blonvilliers", "Url": "https://www.maxi.ca/sugar-cubes-gold/p/20604213_EA", "Sub Category": null, "English Name": "Sugar Cubes, Gold", "Size": "1 kg", "Size Label": "ea"}, {"Category": "Baking Essentials", "Aisle": "Pantry", "Sku": "21471935_EA", "Regular Price": "None", "Sale Price": "5.29", "Image": "https://assets.shop.loblaws.ca/products/21471935/b1/en/front/21471935_front_a01_@2.png", "Brand": "President's Choice", "Url": "https://www.maxi.ca/old-fashioned-chocolate-cake-donut-baking-mix/p/21471935_EA", "Sub Category": null, "English Name": "Old-Fashioned Chocolate Cake Donut Baking Mix", "Size": "500 g", "Size Label": "ea"}, {"Category": "Baking Essentials", "Aisle": "Pantry", "Sku": "21021662_EA", "Regular Price": "None", "Sale Price": "6.79", "Image": "https://assets.shop.loblaws.ca/products/21021662/b1/en/front/21021662_front_a01_@2.png", "Brand": "President's Choice", "Url": "https://www.maxi.ca/berry-cherry-dried-fruit-blend/p/21021662_EA", "Sub Category": null, "English Name": "Berry Cherry Dried Fruit Blend", "Size": "300 g", "Size Label": "ea"}, {"Category": "Baking Essentials", "Aisle": "Pantry", "Sku": "20066196_EA", "Regular Price": "None", "Sale Price": "16.99", "Image": "https://assets.shop.loblaws.ca/products/20066196/b1/en/front/20066196_front_a01_@2.png", "Brand": "President's Choice", "Url": "https://www.maxi.ca/sweetened-dried-mangoes/p/20066196_EA", "Sub Category": null, "English Name": "Sweetened Dried Mangoes", "Size": "800 g", "Size Label": "ea"}, {"Category": "Baking Essentials", "Aisle": "Pantry", "Sku": "20697988_EA", "Regular Price": "None", "Sale Price": "6.49", "Image": "https://assets.shop.loblaws.ca/products/20697988/b1/en/front/20697988_front_a01_@2.png", "Brand": "Sunsweet", "Url": "https://www.maxi.ca/pitted-prunes/p/20697988_EA", "Sub Category": null, "English Name": "Pitted Prunes", "Size": "375 g", "Size Label": "ea"}, {"Category": "Baking Essentials", "Aisle": "Pantry", "Sku": "21504340_EA", "Regular Price": "None", "Sale Price": "10.99", "Image": "https://assets.shop.loblaws.ca/products/21504340/b1/en/front/21504340_front_a01_@2.png", "Brand": "Splenda", "Url": "https://www.maxi.ca/granulated-sugar-blend-for-baking/p/21504340_EA", "Sub Category": null, "English Name": "Granulated Sugar Blend for Baking", "Size": "908 g", "Size Label": "ea"}, {"Category": "Baking Essentials", "Aisle": "Pantry", "Sku": "20686084_EA", "Regular Price": "None", "Sale Price": "4.49", "Image": "https://assets.shop.loblaws.ca/products/20686084/b1/en/front/20686084_front_a01_@2.png", "Brand": "Club House", "Url": "https://www.maxi.ca/pure-peppermint-mint-extract/p/20686084_EA", "Sub Category": null, "English Name": "Pure Peppermint & Mint Extract", "Size": "43 ml", "Size Label": "ea"}, {"Category": "Baking Essentials", "Aisle": "Pantry", "Sku": "20320059_EA", "Regular Price": "None", "Sale Price": "1.29", "Image": "https://assets.shop.loblaws.ca/products/20320059/b1/en/front/20320059_front_a01_@2.png", "Brand": "Jell-O", "Url": "https://www.maxi.ca/orange-jelly-powder-gelatin-mix/p/20320059_EA", "Sub Category": null, "English Name": "Orange Jelly Powder, Gelatin Mix", "Size": "85 g", "Size Label": "ea"}, {"Category": "Baking Essentials", "Aisle": "Pantry", "Sku": "21021897_EA", "Regular Price": "None", "Sale Price": "7.49", "Image": "https://assets.shop.loblaws.ca/products/21021897/b1/en/front/21021897_front_a01_@2.png", "Brand": "President's Choice", "Url": "https://www.maxi.ca/natural-source-granulated-stevia-calorie-free-swee/p/21021897_EA", "Sub Category": null, "English Name": "Natural Source Granulated Stevia Calorie-Free Sweetener", "Size": "275 g", "Size Label": "ea"}, {"Category": "Baking Essentials", "Aisle": "Pantry", "Sku": "20324338003_EA", "Regular Price": "2.99", "Sale Price": "1.99", "Image": "https://assets.shop.loblaws.ca/products/20324338003/b1/en/front/20324338003_front_a01_@2.png", "Brand": "Dr Oetker", "Url": "https://www.maxi.ca/shirriff-pudding-pie-filling-butterscotch/p/20324338003_EA", "Sub Category": null, "English Name": "Shirriff Pudding & Pie Filling, Butterscotch", "Size": "175 g", "Size Label": "ea"}, {"Category": "Baking Essentials", "Aisle": "Pantry", "Sku": "20018429_EA", "Regular Price": "None", "Sale Price": "5.49", "Image": "https://assets.shop.loblaws.ca/products/20018429/b1/en/front/20018429_front_a01_@2.png", "Brand": "Arm & Hammer", "Url": "https://www.maxi.ca/baking-soda/p/20018429_EA", "Sub Category": null, "English Name": "Baking Soda", "Size": "2 kg", "Size Label": "ea"}, {"Category": "Baking Essentials", "Aisle": "Pantry", "Sku": "20430906001_EA", "Regular Price": "None", "Sale Price": "12.99", "Image": "https://assets.shop.loblaws.ca/products/20430906001/b1/en/front/20430906001_front_a01_@2.png", "Brand": "Freddo", "Url": "https://www.maxi.ca/milk-chocolate-chips/p/20430906001_EA", "Sub Category": null, "English Name": "Milk Chocolate Chips", "Size": "800 g", "Size Label": "ea"}, {"Category": "Baking Essentials", "Aisle": "Pantry", "Sku": "20426198_EA", "Regular Price": "None", "Sale Price": "8.49", "Image": "https://assets.shop.loblaws.ca/products/20426198/b1/en/front/20426198_front_a01_@2.png", "Brand": "No Name", "Url": "https://www.maxi.ca/chopped-walnuts/p/20426198_EA", "Sub Category": null, "English Name": "Chopped Walnuts", "Size": "400 g", "Size Label": "ea"}, {"Category": "Baking Essentials", "Aisle": "Pantry", "Sku": "20311578001_EA", "Regular Price": "None", "Sale Price": "2.99", "Image": "https://assets.shop.loblaws.ca/products/20311578001/b1/en/front/20311578001_front_a01_@2.png", "Brand": "No Name", "Url": "https://www.maxi.ca/multi-coloured-mini-marshmallows/p/20311578001_EA", "Sub Category": null, "English Name": "Multi-Coloured Mini Marshmallows", "Size": "400 g", "Size Label": "ea"}, {"Category": "Baking Essentials", "Aisle": "Pantry", "Sku": "20317293004_EA", "Regular Price": "None", "Sale Price": "1.29", "Image": "https://assets.shop.loblaws.ca/products/20317293004/b1/en/front/20317293004_front_a01_@2.png", "Brand": "Jell-O", "Url": "https://www.maxi.ca/grape-jelly-powder-gelatin-mix/p/20317293004_EA", "Sub Category": null, "English Name": "Grape Jelly Powder, Gelatin Mix", "Size": "85 g", "Size Label": "ea"}, {"Category": "Baking Essentials", "Aisle": "Pantry", "Sku": "20718406_EA", "Regular Price": "None", "Sale Price": "5.49", "Image": "https://assets.shop.loblaws.ca/products/20718406/b1/en/front/20718406_front_a01_@2.png", "Brand": "No Name", "Url": "https://www.maxi.ca/cherry-pie-filling/p/20718406_EA", "Sub Category": null, "English Name": "Cherry Pie Filling", "Size": "540 ml", "Size Label": "ea"}, {"Category": "Baking Essentials", "Aisle": "Pantry", "Sku": "20148914003_EA", "Regular Price": "None", "Sale Price": "5.99", "Image": "https://assets.shop.loblaws.ca/products/20148914003/b1/en/front/20148914003_front_a01_@2.png", "Brand": "Five Roses", "Url": "https://www.maxi.ca/whole-wheat-speciality-flour/p/20148914003_EA", "Sub Category": null, "English Name": "Whole Wheat Speciality Flour", "Size": "2.5 kg", "Size Label": "ea"}, {"Category": "Baking Essentials", "Aisle": "Pantry", "Sku": "21456024_EA", "Regular Price": "None", "Sale Price": "6.29", "Image": "https://assets.shop.loblaws.ca/products/21456024/b1/en/front/21456024_front_a01_@2.png", "Brand": "Cora", "Url": "https://www.maxi.ca/crepe-mix-plain/p/21456024_EA", "Sub Category": null, "English Name": "Crepe Mix Plain", "Size": "700 g", "Size Label": "ea"}, {"Category": "Baking Essentials", "Aisle": "Pantry", "Sku": "21213760_EA", "Regular Price": "None", "Sale Price": "2.49", "Image": "https://assets.shop.loblaws.ca/products/21213760/b1/en/front/21213760_front_a01_@2.png", "Brand": "No Name", "Url": "https://www.maxi.ca/graham-cracker-pie-crust/p/21213760_EA", "Sub Category": null, "English Name": "Graham Cracker Pie Crust", "Size": "170 g", "Size Label": "ea"}, {"Category": "Baking Essentials", "Aisle": "Pantry", "Sku": "20425980_EA", "Regular Price": "None", "Sale Price": "17.99", "Image": "https://assets.shop.loblaws.ca/products/20425980/b1/en/front/20425980_front_a01_@2.png", "Brand": "No Name", "Url": "https://www.maxi.ca/pecan-halves/p/20425980_EA", "Sub Category": null, "English Name": "Pecan Halves", "Size": "400 g", "Size Label": "ea"}, {"Category": "Baking Essentials", "Aisle": "Pantry", "Sku": "20911652_EA", "Regular Price": "None", "Sale Price": "4.79", "Image": "https://assets.shop.loblaws.ca/products/20911652/b1/en/front/20911652_front_a01_@2.png", "Brand": "Fry's Cocoa", "Url": "https://www.maxi.ca/premium-cocoa/p/20911652_EA", "Sub Category": null, "English Name": "Premium Cocoa", "Size": "227 g", "Size Label": "ea"}, {"Category": "Baking Essentials", "Aisle": "Pantry", "Sku": "20126861_EA", "Regular Price": "None", "Sale Price": "2.99", "Image": "https://assets.shop.loblaws.ca/products/20126861/b1/en/front/20126861_front_a01_@2.png", "Brand": "Jaffa", "Url": "https://www.maxi.ca/pitted-dates/p/20126861_EA", "Sub Category": null, "English Name": "Pitted Dates", "Size": "500 g", "Size Label": "ea"}, {"Category": "Baking Essentials", "Aisle": "Pantry", "Sku": "21361904_EA", "Regular Price": "None", "Sale Price": "6.99", "Image": "https://assets.shop.loblaws.ca/products/21361904/b1/en/front/21361904_front_a01_@2.png", "Brand": "Quaker", "Url": "https://www.maxi.ca/oat-flour/p/21361904_EA", "Sub Category": null, "English Name": "Oat Flour", "Size": "700 g", "Size Label": "ea"}, {"Category": "Baking Essentials", "Aisle": "Pantry", "Sku": "20426138_EA", "Regular Price": "None", "Sale Price": "8.99", "Image": "https://assets.shop.loblaws.ca/products/20426138/b1/en/front/20426138_front_a01_@2.png", "Brand": "No Name", "Url": "https://www.maxi.ca/sliced-blanched-almonds/p/20426138_EA", "Sub Category": null, "English Name": "Sliced Blanched Almonds ", "Size": "400 g", "Size Label": "ea"}, {"Category": "Baking Essentials", "Aisle": "Pantry", "Sku": "20077535001_EA", "Regular Price": "2.69", "Sale Price": "1.99", "Image": "https://assets.shop.loblaws.ca/products/20077535001/b1/en/front/20077535001_front_a01_@2.png", "Brand": "Dr Oetker", "Url": "https://www.maxi.ca/vanilla-mousse-50-calories/p/20077535001_EA", "Sub Category": null, "English Name": "Vanilla Mousse, 50 Calories     ", "Size": "28 g", "Size Label": "ea"}, {"Category": "Baking Essentials", "Aisle": "Pantry", "Sku": "21016700_EA", "Regular Price": "None", "Sale Price": "4.49", "Image": "https://assets.shop.loblaws.ca/products/21016700/b1/en/front/21016700_front_a01_@2.png", "Brand": "Betty Crocker", "Url": "https://www.maxi.ca/brownie-baking-mix-s-mores/p/21016700_EA", "Sub Category": null, "English Name": "Brownie Baking Mix, S'mores", "Size": "521 g", "Size Label": "ea"}, {"Category": "Baking Essentials", "Aisle": "Pantry", "Sku": "20992725_EA", "Regular Price": "None", "Sale Price": "4.49", "Image": "https://assets.shop.loblaws.ca/products/20992725/b1/en/front/20992725_front_a01_@2.png", "Brand": "Betty Crocker", "Url": "https://www.maxi.ca/banana-bread/p/20992725_EA", "Sub Category": null, "English Name": "Banana Bread", "Size": "348 g", "Size Label": "ea"}, {"Category": "Baking Essentials", "Aisle": "Pantry", "Sku": "20304150003_EA", "Regular Price": "None", "Sale Price": "1.39", "Image": "https://assets.shop.loblaws.ca/products/20304150003/b1/en/front/20304150003_front_a01_@2.png", "Brand": "Jell-O", "Url": "https://www.maxi.ca/fat-free-butterscotch-instant-pudding-mix/p/20304150003_EA", "Sub Category": null, "English Name": "Fat Free Butterscotch Instant Pudding Mix", "Size": "30 g", "Size Label": "ea"}, {"Category": "Baking Essentials", "Aisle": "Pantry", "Sku": "20562641009_EA", "Regular Price": "None", "Sale Price": "2.49", "Image": "https://assets.shop.loblaws.ca/products/20562641009/b1/en/front/20562641009_front_a01_@2.png", "Brand": "Betty Crocker", "Url": "https://www.maxi.ca/whipped-vanilla-frosting/p/20562641009_EA", "Sub Category": null, "English Name": "Whipped Vanilla Frosting", "Size": "340 g", "Size Label": "ea"}, {"Category": "Baking Essentials", "Aisle": "Pantry", "Sku": "20379076001_EA", "Regular Price": "None", "Sale Price": "7.49", "Image": "https://assets.shop.loblaws.ca/products/20379076001/b1/en/front/20379076001_front_a01_@2.png", "Brand": "Betty Crocker", "Url": "https://www.maxi.ca/devil-s-food-cake-mix-gluten-free-10-servings/p/20379076001_EA", "Sub Category": null, "English Name": "Devil's Food Cake Mix, Gluten Free, 10 Servings", "Size": "425 g", "Size Label": "ea"}, {"Category": "Baking Essentials", "Aisle": "Pantry", "Sku": "21452943_EA", "Regular Price": "None", "Sale Price": "11.49", "Image": "https://assets.shop.loblaws.ca/products/21452943/b1/en/front/21452943_front_a01_@2.png", "Brand": "Hershey's", "Url": "https://www.maxi.ca/chipits-pure-semi-sweet-chocolate-chips-925g/p/21452943_EA", "Sub Category": null, "English Name": "Chipits Pure Semi-Sweet Chocolate Chips, 925G", "Size": "925 g", "Size Label": "ea"}, {"Category": "Baking Essentials", "Aisle": "Pantry", "Sku": "20315081001_EA", "Regular Price": "None", "Sale Price": "2.29", "Image": "https://assets.shop.loblaws.ca/products/20315081001/b1/en/front/20315081001_front_a01_@2.png", "Brand": "Jell-O", "Url": "https://www.maxi.ca/strawberry-jelly-powder-gelatin-mix/p/20315081001_EA", "Sub Category": null, "English Name": "Strawberry Jelly Powder, Gelatin Mix", "Size": "170 g", "Size Label": "ea"}, {"Category": "Baking Essentials", "Aisle": "Pantry", "Sku": "20145663_EA", "Regular Price": "None", "Sale Price": "6.99", "Image": "https://assets.shop.loblaws.ca/products/20145663/b1/en/front/20145663_front_a01_@2.png", "Brand": "Club House", "Url": "https://www.maxi.ca/vanilla-premium-artificial/p/20145663_EA", "Sub Category": null, "English Name": "Vanilla, Premium Artificial", "Size": "125 ml", "Size Label": "ea"}, {"Category": "Baking Essentials", "Aisle": "Pantry", "Sku": "21310760_EA", "Regular Price": "None", "Sale Price": "3.29", "Image": "https://assets.shop.loblaws.ca/products/21310760/b1/en/front/21310760_front_a01_@2.png", "Brand": "Jet-Puffed", "Url": "https://www.maxi.ca/marshmallow-creme/p/21310760_EA", "Sub Category": null, "English Name": "Marshmallow Creme", "Size": "198 g", "Size Label": "ea"}, {"Category": "Baking Essentials", "Aisle": "Pantry", "Sku": "20218581_EA", "Regular Price": "None", "Sale Price": "19.99", "Image": "https://assets.shop.loblaws.ca/products/20218581/b1/en/front/20218581_front_a01_@2.png", "Brand": "President's Choice", "Url": "https://www.maxi.ca/pitted-dried-prunes/p/20218581_EA", "Sub Category": null, "English Name": "Pitted Dried Prunes ", "Size": "1.36 kg", "Size Label": "ea"}, {"Category": "Baking Essentials", "Aisle": "Pantry", "Sku": "20379076002_EA", "Regular Price": "None", "Sale Price": "7.49", "Image": "https://assets.shop.loblaws.ca/products/20379076002/b1/en/front/20379076002_front_a01_@2.png", "Brand": "Betty Crocker", "Url": "https://www.maxi.ca/gluten-free-golden-cake-mix/p/20379076002_EA", "Sub Category": null, "English Name": "Gluten Free Golden Cake Mix", "Size": "425 g", "Size Label": "ea"}, {"Category": "Baking Essentials", "Aisle": "Pantry", "Sku": "21363892_EA", "Regular Price": "None", "Sale Price": "9.99", "Image": "https://assets.shop.loblaws.ca/products/21363892/b1/en/front/21363892_front_a01_@2.png", "Brand": "Truvia", "Url": "https://www.maxi.ca/sweet-complete-calorie-free-all-purpose-sweetener/p/21363892_EA", "Sub Category": null, "English Name": "Sweet Complete Calorie-Free All-Purpose Sweetener from the Stevia Leaf", "Size": "454 g", "Size Label": "ea"}, {"Category": "Baking Essentials", "Aisle": "Pantry", "Sku": "20430582_EA", "Regular Price": "None", "Sale Price": "5.29", "Image": "https://assets.shop.loblaws.ca/products/20430582/b1/en/front/20430582_front_a01_@2.png", "Brand": "President's Choice", "Url": "https://www.maxi.ca/the-decadent-chocolate-chip-cookie-mix/p/20430582_EA", "Sub Category": null, "English Name": "The Decadent Chocolate Chip Cookie Mix", "Size": "900 g", "Size Label": "ea"}, {"Category": "Baking Essentials", "Aisle": "Pantry", "Sku": "20102045001_EA", "Regular Price": "None", "Sale Price": "3.99", "Image": "https://assets.shop.loblaws.ca/products/20102045001/b1/en/front/20102045001_front_a01_@2.png", "Brand": "President's Choice", "Url": "https://www.maxi.ca/sweetened-dried-mangoes/p/20102045001_EA", "Sub Category": null, "English Name": "Sweetened Dried Mangoes", "Size": "120 g", "Size Label": "ea"}, {"Category": "Baking Essentials", "Aisle": "Pantry", "Sku": "21471926_EA", "Regular Price": "None", "Sale Price": "5.29", "Image": "https://assets.shop.loblaws.ca/products/21471926/b1/en/front/21471926_front_a01_@2.png", "Brand": "President's Choice", "Url": "https://www.maxi.ca/old-fashioned-cake-donut-baking-mix/p/21471926_EA", "Sub Category": null, "English Name": "Old-Fashioned Cake Donut Baking Mix", "Size": "500 g", "Size Label": "ea"}, {"Category": "Baking Essentials", "Aisle": "Pantry", "Sku": "21475299_EA", "Regular Price": "None", "Sale Price": "5.79", "Image": "https://assets.shop.loblaws.ca/products/21475299/b1/en/front/21475299_front_a01_@2.png", "Brand": "Crisco", "Url": "https://www.maxi.ca/all-vegetable-shortening-sticks/p/21475299_EA", "Sub Category": null, "English Name": "All-Vegetable Shortening Sticks", "Size": "567 g", "Size Label": "ea"}, {"Category": "Baking Essentials", "Aisle": "Pantry", "Sku": "20416641_EA", "Regular Price": "None", "Sale Price": "8.99", "Image": "https://assets.shop.loblaws.ca/products/20416641/b1/en/front/20416641_front_a01_@2.png", "Brand": "Sunmaid", "Url": "https://www.maxi.ca/raisins/p/20416641_EA", "Sub Category": null, "English Name": "Raisins", "Size": "750 g", "Size Label": "ea"}, {"Category": "Baking Essentials", "Aisle": "Pantry", "Sku": "20318589_EA", "Regular Price": "None", "Sale Price": "3.99", "Image": "https://assets.shop.loblaws.ca/products/20318589/b1/en/front/20318589_front_a01_@2.png", "Brand": "President's Choice", "Url": "https://www.maxi.ca/original-extra-fluffy-pancake-and-waffle-mix/p/20318589_EA", "Sub Category": null, "English Name": "Original Extra-Fluffy Pancake And Waffle Mix", "Size": "905 g", "Size Label": "ea"}, {"Category": "Baking Essentials", "Aisle": "Pantry", "Sku": "20322949_EA", "Regular Price": "None", "Sale Price": "2.79", "Image": "https://assets.shop.loblaws.ca/products/20322949/b1/en/front/20322949_front_a01_@2.png", "Brand": "No Name", "Url": "https://www.maxi.ca/old-fashioned-pancake-mix/p/20322949_EA", "Sub Category": null, "English Name": "Old-Fashioned Pancake Mix", "Size": "905 g", "Size Label": "ea"}, {"Category": "Baking Essentials", "Aisle": "Pantry", "Sku": "21471926_EA", "Regular Price": "None", "Sale Price": "5.29", "Image": "https://assets.shop.loblaws.ca/products/21471926/b1/en/front/21471926_front_a01_@2.png", "Brand": "President's Choice", "Url": "https://www.maxi.ca/old-fashioned-cake-donut-baking-mix/p/21471926_EA", "Sub Category": null, "English Name": "Old-Fashioned Cake Donut Baking Mix", "Size": "500 g", "Size Label": "ea"}, {"Category": "Baking Essentials", "Aisle": "Pantry", "Sku": "20707855_EA", "Regular Price": "None", "Sale Price": "4.79", "Image": "https://assets.shop.loblaws.ca/products/20707855/b1/en/front/20707855_front_a01_@2.png", "Brand": "In The Raw", "Url": "https://www.maxi.ca/natural-turbinado-sugar-canister/p/20707855_EA", "Sub Category": null, "English Name": "Natural Turbinado Sugar Canister", "Size": "500 g", "Size Label": "ea"}, {"Category": "Baking Essentials", "Aisle": "Pantry", "Sku": "20251651_EA", "Regular Price": "18.99", "Sale Price": "11.99", "Image": "https://assets.shop.loblaws.ca/products/20251651/b1/en/front/20251651_front_a01_@2.png", "Brand": "Five Roses", "Url": "https://www.maxi.ca/all-purpose-flour-club-pack/p/20251651_EA", "Sub Category": null, "English Name": "All Purpose Flour Club Pack", "Size": "10 kg", "Size Label": "ea"}, {"Category": "Baking Essentials", "Aisle": "Pantry", "Sku": "20315681_EA", "Regular Price": "None", "Sale Price": "1.29", "Image": "https://assets.shop.loblaws.ca/products/20315681/b1/en/front/20315681_front_a01_@2.png", "Brand": "Jell-O", "Url": "https://www.maxi.ca/cherry-jelly-powder-gelatin-mix/p/20315681_EA", "Sub Category": null, "English Name": "Cherry Jelly Powder, Gelatin Mix", "Size": "85 g", "Size Label": "ea"}, {"Category": "Baking Essentials", "Aisle": "Pantry", "Sku": "20689951_EA", "Regular Price": "None", "Sale Price": "4.29", "Image": "https://assets.shop.loblaws.ca/products/20689951/b1/en/front/20689951_front_a01_@2.png", "Brand": "Club House", "Url": "https://www.maxi.ca/almond-extract-pure/p/20689951_EA", "Sub Category": null, "English Name": "Almond Extract, Pure", "Size": "43 ml", "Size Label": "ea"}, {"Category": "Baking Essentials", "Aisle": "Pantry", "Sku": "21473036_EA", "Regular Price": "None", "Sale Price": "5.49", "Image": "https://assets.shop.loblaws.ca/products/21473036/b1/en/front/21473036_front_a01_@2.png", "Brand": "President's Choice", "Url": "https://www.maxi.ca/plant-based-vanilla-marshmallows/p/21473036_EA", "Sub Category": null, "English Name": "Plant Based Vanilla Marshmallows", "Size": "284 g", "Size Label": "ea"}, {"Category": "Baking Essentials", "Aisle": "Pantry", "Sku": "20302302_EA", "Regular Price": "None", "Sale Price": "3.99", "Image": "https://assets.shop.loblaws.ca/products/20302302/b1/en/front/20302302_front_a01_@2.png", "Brand": "President's Choice", "Url": "https://www.maxi.ca/the-decadent-semi-sweet-chocolate-chunks/p/20302302_EA", "Sub Category": null, "English Name": "The Decadent Semi-Sweet Chocolate Chunks", "Size": "226 g", "Size Label": "ea"}, {"Category": "Baking Essentials", "Aisle": "Pantry", "Sku": "20050959_EA", "Regular Price": "None", "Sale Price": "4.29", "Image": "https://assets.shop.loblaws.ca/products/20050959/b1/en/front/20050959_front_a01_@2.png", "Brand": "No Name", "Url": "https://www.maxi.ca/maraschino-cherries-with-syrup/p/20050959_EA", "Sub Category": null, "English Name": "Maraschino Cherries With Syrup", "Size": "375 ml", "Size Label": "ea"}, {"Category": "Baking Essentials", "Aisle": "Pantry", "Sku": "20299240002_EA", "Regular Price": "None", "Sale Price": "2.79", "Image": "https://assets.shop.loblaws.ca/products/20299240002/b1/en/front/20299240002_front_a01_@2.png", "Brand": "Cake Mate", "Url": "https://www.maxi.ca/rainbow-d-cor/p/20299240002_EA", "Sub Category": null, "English Name": "Rainbow D\u00e9cor", "Size": "113 g", "Size Label": "ea"}, {"Category": "Baking Essentials", "Aisle": "Pantry", "Sku": "20321627_EA", "Regular Price": "None", "Sale Price": "1.29", "Image": "https://assets.shop.loblaws.ca/products/20321627/b1/en/front/20321627_front_a01_@2.png", "Brand": "Jell-O", "Url": "https://www.maxi.ca/raspberry-jelly-powder-gelatin-mix/p/20321627_EA", "Sub Category": null, "English Name": "Raspberry Jelly Powder, Gelatin Mix", "Size": "85 g", "Size Label": "ea"}, {"Category": "Baking Essentials", "Aisle": "Pantry", "Sku": "20647407_EA", "Regular Price": "None", "Sale Price": "4.49", "Image": "https://assets.shop.loblaws.ca/products/20647407/b1/en/front/20647407_front_a01_@2.png", "Brand": "No Name", "Url": "https://www.maxi.ca/golden-seedless-raisins/p/20647407_EA", "Sub Category": null, "English Name": "Golden Seedless Raisins", "Size": "375 g", "Size Label": "ea"}, {"Category": "Baking Essentials", "Aisle": "Pantry", "Sku": "20324338001_EA", "Regular Price": "2.99", "Sale Price": "1.99", "Image": "https://assets.shop.loblaws.ca/products/20324338001/b1/en/front/20324338001_front_a01_@2.png", "Brand": "Dr Oetker", "Url": "https://www.maxi.ca/shirriff-pudding-pie-filling-coconut/p/20324338001_EA", "Sub Category": null, "English Name": "Shirriff Pudding & Pie Filling, Coconut", "Size": "175 g", "Size Label": "ea"}, {"Category": "Baking Essentials", "Aisle": "Pantry", "Sku": "21516889_EA", "Regular Price": "None", "Sale Price": "4.49", "Image": "https://assets.shop.loblaws.ca/products/21516889/b1/en/front/21516889_front_a01_@2.png", "Brand": "Hershey's", "Url": "https://www.maxi.ca/chipits-cream-cheese/p/21516889_EA", "Sub Category": null, "English Name": "Chipits Cream Cheese", "Size": "200 g", "Size Label": "ea"}, {"Category": "Baking Essentials", "Aisle": "Pantry", "Sku": "20694464001_EA", "Regular Price": "None", "Sale Price": "4.49", "Image": "https://assets.shop.loblaws.ca/products/20694464001/b1/en/front/20694464001_front_a01_@2.png", "Brand": "Betty Crocker", "Url": "https://www.maxi.ca/red-velvet-cupcakes-with-cream-cheese-flavoured-fr/p/20694464001_EA", "Sub Category": null, "English Name": "Red Velvet Cupcakes with Cream Cheese Flavoured Frosting", "Size": "465 g", "Size Label": "ea"}, {"Category": "Baking Essentials", "Aisle": "Pantry", "Sku": "21334858_EA", "Regular Price": "None", "Sale Price": "9.99", "Image": "https://assets.shop.loblaws.ca/products/21334858/b1/en/front/21334858_front_a01_@2.png", "Brand": "Robertsons", "Url": "https://www.maxi.ca/robertson-s-mincemeat-without-suet-635-ml/p/21334858_EA", "Sub Category": null, "English Name": "Robertson's Mincemeat Without Suet 635 ml", "Size": "635 ml", "Size Label": "ea"}, {"Category": "Baking Essentials", "Aisle": "Pantry", "Sku": "20188513_EA", "Regular Price": "None", "Sale Price": "4.29", "Image": "https://assets.shop.loblaws.ca/products/20188513/b1/en/front/20188513_front_a01_@2.png", "Brand": "Club House", "Url": "https://www.maxi.ca/vanilla-artificial/p/20188513_EA", "Sub Category": null, "English Name": "Vanilla, Artificial", "Size": "43 ml", "Size Label": "ea"}, {"Category": "Baking Essentials", "Aisle": "Pantry", "Sku": "20092794_EA", "Regular Price": "None", "Sale Price": "7.49", "Image": "https://assets.shop.loblaws.ca/products/20092794/b1/en/front/20092794_front_a01_@2.png", "Brand": "Sunsweet", "Url": "https://www.maxi.ca/pitted-prunes/p/20092794_EA", "Sub Category": null, "English Name": "Pitted Prunes", "Size": "500 g", "Size Label": "ea"}, {"Category": "Baking Essentials", "Aisle": "Pantry", "Sku": "20982877_EA", "Regular Price": "None", "Sale Price": "4.00", "Image": "https://assets.shop.loblaws.ca/products/20982877/b1/en/front/20982877_front_a01_@2.png", "Brand": "PC Black Label", "Url": "https://www.maxi.ca/unbleached-flour-for-pizza/p/20982877_EA", "Sub Category": null, "English Name": "Unbleached Flour for Pizza", "Size": "1 kg", "Size Label": "ea"}, {"Category": "Baking Essentials", "Aisle": "Pantry", "Sku": "20430582_EA", "Regular Price": "None", "Sale Price": "5.29", "Image": "https://assets.shop.loblaws.ca/products/20430582/b1/en/front/20430582_front_a01_@2.png", "Brand": "President's Choice", "Url": "https://www.maxi.ca/the-decadent-chocolate-chip-cookie-mix/p/20430582_EA", "Sub Category": null, "English Name": "The Decadent Chocolate Chip Cookie Mix", "Size": "900 g", "Size Label": "ea"}, {"Category": "Baking Essentials", "Aisle": "Pantry", "Sku": "20102045001_EA", "Regular Price": "None", "Sale Price": "3.99", "Image": "https://assets.shop.loblaws.ca/products/20102045001/b1/en/front/20102045001_front_a01_@2.png", "Brand": "President's Choice", "Url": "https://www.maxi.ca/sweetened-dried-mangoes/p/20102045001_EA", "Sub Category": null, "English Name": "Sweetened Dried Mangoes", "Size": "120 g", "Size Label": "ea"}, {"Category": "Baking Essentials", "Aisle": "Pantry", "Sku": "20039497005_EA", "Regular Price": "None", "Sale Price": "5.99", "Image": "https://assets.shop.loblaws.ca/products/20039497005/b1/en/front/20039497005_front_a01_@2.png", "Brand": "Robin Hood", "Url": "https://www.maxi.ca/unbleached-all-purpose-flour/p/20039497005_EA", "Sub Category": null, "English Name": "Unbleached All Purpose Flour", "Size": "2.5 kg", "Size Label": "ea"}, {"Category": "Baking Essentials", "Aisle": "Pantry", "Sku": "21497070_EA", "Regular Price": "None", "Sale Price": "4.99", "Image": "https://assets.shop.loblaws.ca/products/21497070/b1/en/front/21497070_front_a01_@2.png", "Brand": "Club House", "Url": "https://www.maxi.ca/food-colour-preparation/p/21497070_EA", "Sub Category": null, "English Name": "Food Colour Preparation", "Size": "44 ml", "Size Label": "ea"}, {"Category": "Baking Essentials", "Aisle": "Pantry", "Sku": "20647362_EA", "Regular Price": "None", "Sale Price": "6.79", "Image": "https://assets.shop.loblaws.ca/products/20647362/b1/en/front/20647362_front_a01_@2.png", "Brand": "No Name", "Url": "https://www.maxi.ca/pitted-prunes/p/20647362_EA", "Sub Category": null, "English Name": "Pitted Prunes", "Size": "375 g", "Size Label": "ea"}, {"Category": "Baking Essentials", "Aisle": "Pantry", "Sku": "20430551_EA", "Regular Price": "None", "Sale Price": "4.99", "Image": "https://assets.shop.loblaws.ca/products/20430551/b1/en/front/20430551_front_a01_@2.png", "Brand": "No Name", "Url": "https://www.maxi.ca/artificial-vanilla-extract/p/20430551_EA", "Sub Category": null, "English Name": "Artificial Vanilla Extract", "Size": "250 ml", "Size Label": "ea"}, {"Category": "Baking Essentials", "Aisle": "Pantry", "Sku": "21124891_EA", "Regular Price": "None", "Sale Price": "4.79", "Image": "https://assets.shop.loblaws.ca/products/21124891/b1/en/front/21124891_front_a01_@2.png", "Brand": "Lantic", "Url": "https://www.maxi.ca/jam-jelly-mix/p/21124891_EA", "Sub Category": null, "English Name": "Jam & Jelly Mix", "Size": "900 g", "Size Label": "ea"}, {"Category": "Baking Essentials", "Aisle": "Pantry", "Sku": "20304431_EA", "Regular Price": "None", "Sale Price": "3.49", "Image": "https://assets.shop.loblaws.ca/products/20304431/b1/en/front/20304431_front_a01_@2.png", "Brand": "No Name", "Url": "https://www.maxi.ca/pecan-halves/p/20304431_EA", "Sub Category": null, "English Name": "Pecan Halves", "Size": "100 g", "Size Label": "ea"}, {"Category": "Baking Essentials", "Aisle": "Pantry", "Sku": "20148914001_EA", "Regular Price": "None", "Sale Price": "5.99", "Image": "https://assets.shop.loblaws.ca/products/20148914001/b1/en/front/20148914001_front_a01_@2.png", "Brand": "Five Roses", "Url": "https://www.maxi.ca/white-all-purpose-flour/p/20148914001_EA", "Sub Category": null, "English Name": "White All Purpose Flour", "Size": "2.5 kg", "Size Label": "ea"}, {"Category": "Baking Essentials", "Aisle": "Pantry", "Sku": "21405746_EA", "Regular Price": "None", "Sale Price": "3.99", "Image": "https://assets.shop.loblaws.ca/products/21405746/b1/en/front/21405746_front_a01_@2.png", "Brand": "President's Choice", "Url": "https://www.maxi.ca/decadent-mini-white-chips/p/21405746_EA", "Sub Category": null, "English Name": "Decadent Mini White Chips", "Size": "226 g", "Size Label": "ea"}, {"Category": "Baking Essentials", "Aisle": "Pantry", "Sku": "20789380_EA", "Regular Price": "None", "Sale Price": "4.49", "Image": "https://assets.shop.loblaws.ca/products/20789380/b1/en/front/20789380_front_a01_@2.png", "Brand": "President's Choice", "Url": "https://www.maxi.ca/creamed-rice-pudding/p/20789380_EA", "Sub Category": null, "English Name": "Creamed Rice Pudding", "Size": "400 g", "Size Label": "ea"}, {"Category": "Baking Essentials", "Aisle": "Pantry", "Sku": "21025987_EA", "Regular Price": "None", "Sale Price": "14.99", "Image": "https://assets.shop.loblaws.ca/products/21025987/b1/en/front/21025987_front_a01_@2.png", "Brand": "President's Choice", "Url": "https://www.maxi.ca/the-decadent-semi-sweet-chocolate-chips/p/21025987_EA", "Sub Category": null, "English Name": "The Decadent Semi-Sweet Chocolate Chips", "Size": "1.8 kg", "Size Label": "ea"}, {"Category": "Baking Essentials", "Aisle": "Pantry", "Sku": "20737431_EA", "Regular Price": "None", "Sale Price": "7.29", "Image": "https://assets.shop.loblaws.ca/products/20737431/b1/en/front/20737431_front_a01_@2.png", "Brand": "Sugar Twin", "Url": "https://www.maxi.ca/calorie-free-stevia-sweetener/p/20737431_EA", "Sub Category": null, "English Name": "Calorie-Free Stevia Sweetener", "Size": "100 ea", "Size Label": "ea"}, {"Category": "Baking Essentials", "Aisle": "Pantry", "Sku": "20674456_EA", "Regular Price": "None", "Sale Price": "1.99", "Image": "https://assets.shop.loblaws.ca/products/20674456/b1/en/front/20674456_front_a01_@2.png", "Brand": "Lantic", "Url": "https://www.maxi.ca/icing-sugar/p/20674456_EA", "Sub Category": null, "English Name": "Icing Sugar", "Size": "500 g", "Size Label": "ea"}, {"Category": "Baking Essentials", "Aisle": "Pantry", "Sku": "20427101_EA", "Regular Price": "None", "Sale Price": "8.99", "Image": "https://assets.shop.loblaws.ca/products/20427101/b1/en/front/20427101_front_a01_@2.png", "Brand": "No Name", "Url": "https://www.maxi.ca/slivered-almonds/p/20427101_EA", "Sub Category": null, "English Name": "Slivered Almonds ", "Size": "400 g", "Size Label": "ea"}, {"Category": "Baking Essentials", "Aisle": "Pantry", "Sku": "20142062_EA", "Regular Price": "None", "Sale Price": "4.29", "Image": "https://assets.shop.loblaws.ca/products/20142062/b1/en/front/20142062_front_a01_@2.png", "Brand": "Jar Ricard", "Url": "https://www.maxi.ca/buckwheat-flour/p/20142062_EA", "Sub Category": null, "English Name": "Buckwheat Flour", "Size": "1 kg", "Size Label": "ea"}, {"Category": "Baking Essentials", "Aisle": "Pantry", "Sku": "20148743_EA", "Regular Price": "None", "Sale Price": "4.79", "Image": "https://assets.shop.loblaws.ca/products/20148743/b1/en/front/20148743_front_a01_@2.png", "Brand": "Rogers", "Url": "https://www.maxi.ca/raw-sugar/p/20148743_EA", "Sub Category": null, "English Name": "Raw Sugar", "Size": "450 g", "Size Label": "ea"}, {"Category": "Baking Essentials", "Aisle": "Pantry", "Sku": "21083416_EA", "Regular Price": "None", "Sale Price": "8.49", "Image": "https://assets.shop.loblaws.ca/products/21083416/b1/en/front/21083416_front_a01_@2.png", "Brand": "Splenda", "Url": "https://www.maxi.ca/no-calorie-granulated-stevia-sweetener/p/21083416_EA", "Sub Category": null, "English Name": "No Calorie Granulated Stevia Sweetener", "Size": "280 g", "Size Label": "ea"}, {"Category": "Baking Essentials", "Aisle": "Pantry", "Sku": "21456016_EA", "Regular Price": "None", "Sale Price": "6.29", "Image": "https://assets.shop.loblaws.ca/products/21456016/b1/en/front/21456016_front_a01_@2.png", "Brand": "Cora", "Url": "https://www.maxi.ca/crepe-mix-chocolate/p/21456016_EA", "Sub Category": null, "English Name": "Crepe Mix Chocolate", "Size": "700 g", "Size Label": "ea"}, {"Category": "Baking Essentials", "Aisle": "Pantry", "Sku": "21380308_EA", "Regular Price": "None", "Sale Price": "7.99", "Image": "https://assets.shop.loblaws.ca/products/21380308/b1/en/front/21380308_front_a01_@2.png", "Brand": "PC Black Label", "Url": "https://www.maxi.ca/italian-strawberries/p/21380308_EA", "Sub Category": null, "English Name": "Italian Strawberries", "Size": "225 ml", "Size Label": "ea"}, {"Category": "Baking Essentials", "Aisle": "Pantry", "Sku": "21042700_EA", "Regular Price": "None", "Sale Price": "9.49", "Image": "https://assets.shop.loblaws.ca/products/21042700/b1/en/front/21042700_front_a01_@2.png", "Brand": "Chocolats Favoris", "Url": "https://www.maxi.ca/original-milk-100-milk-chocolate-fondue/p/21042700_EA", "Sub Category": null, "English Name": "Original Milk 100% Milk Chocolate Fondue", "Size": "215 g", "Size Label": "ea"}, {"Category": "Baking Essentials", "Aisle": "Pantry", "Sku": "20783821_EA", "Regular Price": "None", "Sale Price": "5.29", "Image": "https://assets.shop.loblaws.ca/products/20783821/b1/en/front/20783821_front_a01_@2.png", "Brand": "President's Choice", "Url": "https://www.maxi.ca/the-decadent-triple-chocolate-brownie-baking-mix/p/20783821_EA", "Sub Category": null, "English Name": "The Decadent Triple Chocolate Brownie Baking Mix", "Size": "535 g", "Size Label": "ea"}, {"Category": "Baking Essentials", "Aisle": "Pantry", "Sku": "21380306_EA", "Regular Price": "None", "Sale Price": "7.49", "Image": "https://assets.shop.loblaws.ca/products/21380306/b1/en/front/21380306_front_a01_@2.png", "Brand": "PC Black Label", "Url": "https://www.maxi.ca/amarena-cherries-candied-sour-cherries-in-a-flavou/p/21380306_EA", "Sub Category": null, "English Name": "Amarena Cherries Candied Sour Cherries in a Flavoured Syrup ", "Size": "225 ml", "Size Label": "ea"}, {"Category": "Baking Essentials", "Aisle": "Pantry", "Sku": "21302844_EA", "Regular Price": "None", "Sale Price": "12.49", "Image": "https://assets.shop.loblaws.ca/products/21302844/b1/en/front/21302844_front_a01_@2.png", "Brand": "Truvia", "Url": "https://www.maxi.ca/calorie-free-sweetener-from-the-stevia-leaf-sachet/p/21302844_EA", "Sub Category": null, "English Name": "Calorie-Free Sweetener from the Stevia Leaf Sachets/Packets", "Size": "280 g", "Size Label": "ea"}, {"Category": "Baking Essentials", "Aisle": "Pantry", "Sku": "20794478_EA", "Regular Price": "None", "Sale Price": "7.49", "Image": "https://assets.shop.loblaws.ca/products/20794478/b1/en/front/20794478_front_a01_@2.png", "Brand": "Betty Crocker", "Url": "https://www.maxi.ca/gluten-free-chocolate-chip-cookie-mix/p/20794478_EA", "Sub Category": null, "English Name": "Gluten Free Chocolate Chip Cookie Mix", "Size": "539 g", "Size Label": "ea"}, {"Category": "Baking Essentials", "Aisle": "Pantry", "Sku": "21105381_EA", "Regular Price": "None", "Sale Price": "3.29", "Image": "https://assets.shop.loblaws.ca/products/21105381/b1/en/front/21105381_front_a01_@2.png", "Brand": "Hershey's", "Url": "https://www.maxi.ca/chipits-unsweetened-cocoa/p/21105381_EA", "Sub Category": null, "English Name": "Chipits Unsweetened Cocoa", "Size": "226 g", "Size Label": "ea"}, {"Category": "Baking Essentials", "Aisle": "Pantry", "Sku": "21094513_EA", "Regular Price": "None", "Sale Price": "5.49", "Image": "https://assets.shop.loblaws.ca/products/21094513/b1/en/front/21094513_front_a01_@2.png", "Brand": "President's Choice", "Url": "https://www.maxi.ca/all-purpose-unbleached-flour/p/21094513_EA", "Sub Category": null, "English Name": "All Purpose Unbleached Flour", "Size": "2.5 kg", "Size Label": "ea"}, {"Category": "Baking Essentials", "Aisle": "Pantry", "Sku": "20618793_EA", "Regular Price": "None", "Sale Price": "6.99", "Image": "https://assets.shop.loblaws.ca/products/20618793/b1/en/front/20618793_front_a01_@2.png", "Brand": "No Name", "Url": "https://www.maxi.ca/unbleached-all-purpose-flour/p/20618793_EA", "Sub Category": null, "English Name": "Unbleached All-Purpose Flour", "Size": "5 kg", "Size Label": "ea"}, {"Category": "Baking Essentials", "Aisle": "Pantry", "Sku": "21468069_EA", "Regular Price": "None", "Sale Price": "4.49", "Image": "https://assets.shop.loblaws.ca/products/21468069/b1/en/front/21468069_front_a01_@2.png", "Brand": "Betty Crocker", "Url": "https://www.maxi.ca/muffin-top-mix-blueberry/p/21468069_EA", "Sub Category": null, "English Name": "Muffin Top mix Blueberry ", "Size": "337 g", "Size Label": "ea"}, {"Category": "Baking Essentials", "Aisle": "Pantry", "Sku": "21508362_EA", "Regular Price": "None", "Sale Price": "4.49", "Image": "https://assets.shop.loblaws.ca/products/21508362/b1/en/front/21508362_front_a01_@2.png", "Brand": "Betty Crocker", "Url": "https://www.maxi.ca/cookies-mix-cinnamon-toast-crunch/p/21508362_EA", "Sub Category": null, "English Name": "Cookies Mix, Cinnamon Toast Crunch", "Size": "357 g", "Size Label": "ea"}, {"Category": "Baking Essentials", "Aisle": "Pantry", "Sku": "20297753008_EA", "Regular Price": "None", "Sale Price": "5.99", "Image": "https://assets.shop.loblaws.ca/products/20297753008/b1/en/front/20297753008_front_a01_@2.png", "Brand": "ED Smith", "Url": "https://www.maxi.ca/pie-filling-raspberry/p/20297753008_EA", "Sub Category": null, "English Name": "Pie Filling, Raspberry", "Size": "540 ml", "Size Label": "ea"}, {"Category": "Baking Essentials", "Aisle": "Pantry", "Sku": "20102920002_EA", "Regular Price": "None", "Sale Price": "5.29", "Image": "https://assets.shop.loblaws.ca/products/20102920002/b1/en/front/20102920002_front_a01_@2.png", "Brand": "Fleischmanns", "Url": "https://www.maxi.ca/traditional-yeast/p/20102920002_EA", "Sub Category": null, "English Name": "Traditional Yeast", "Size": "113 g", "Size Label": "ea"}, {"Category": "Baking Essentials", "Aisle": "Pantry", "Sku": "21094513_EA", "Regular Price": "None", "Sale Price": "5.49", "Image": "https://assets.shop.loblaws.ca/products/21094513/b1/en/front/21094513_front_a01_@2.png", "Brand": "President's Choice", "Url": "https://www.maxi.ca/all-purpose-unbleached-flour/p/21094513_EA", "Sub Category": null, "English Name": "All Purpose Unbleached Flour", "Size": "2.5 kg", "Size Label": "ea"}, {"Category": "Baking Essentials", "Aisle": "Pantry", "Sku": "20618793_EA", "Regular Price": "None", "Sale Price": "6.99", "Image": "https://assets.shop.loblaws.ca/products/20618793/b1/en/front/20618793_front_a01_@2.png", "Brand": "No Name", "Url": "https://www.maxi.ca/unbleached-all-purpose-flour/p/20618793_EA", "Sub Category": null, "English Name": "Unbleached All-Purpose Flour", "Size": "5 kg", "Size Label": "ea"}, {"Category": "Baking Essentials", "Aisle": "Pantry", "Sku": "21468069_EA", "Regular Price": "None", "Sale Price": "4.49", "Image": "https://assets.shop.loblaws.ca/products/21468069/b1/en/front/21468069_front_a01_@2.png", "Brand": "Betty Crocker", "Url": "https://www.maxi.ca/muffin-top-mix-blueberry/p/21468069_EA", "Sub Category": null, "English Name": "Muffin Top mix Blueberry ", "Size": "337 g", "Size Label": "ea"}, {"Category": "Baking Essentials", "Aisle": "Pantry", "Sku": "21042700_EA", "Regular Price": "None", "Sale Price": "9.49", "Image": "https://assets.shop.loblaws.ca/products/21042700/b1/en/front/21042700_front_a01_@2.png", "Brand": "Chocolats Favoris", "Url": "https://www.maxi.ca/original-milk-100-milk-chocolate-fondue/p/21042700_EA", "Sub Category": null, "English Name": "Original Milk 100% Milk Chocolate Fondue", "Size": "215 g", "Size Label": "ea"}, {"Category": "Baking Essentials", "Aisle": "Pantry", "Sku": "20783821_EA", "Regular Price": "None", "Sale Price": "5.29", "Image": "https://assets.shop.loblaws.ca/products/20783821/b1/en/front/20783821_front_a01_@2.png", "Brand": "President's Choice", "Url": "https://www.maxi.ca/the-decadent-triple-chocolate-brownie-baking-mix/p/20783821_EA", "Sub Category": null, "English Name": "The Decadent Triple Chocolate Brownie Baking Mix", "Size": "535 g", "Size Label": "ea"}, {"Category": "Baking Essentials", "Aisle": "Pantry", "Sku": "21380306_EA", "Regular Price": "None", "Sale Price": "7.49", "Image": "https://assets.shop.loblaws.ca/products/21380306/b1/en/front/21380306_front_a01_@2.png", "Brand": "PC Black Label", "Url": "https://www.maxi.ca/amarena-cherries-candied-sour-cherries-in-a-flavou/p/21380306_EA", "Sub Category": null, "English Name": "Amarena Cherries Candied Sour Cherries in a Flavoured Syrup ", "Size": "225 ml", "Size Label": "ea"}, {"Category": "Baking Essentials", "Aisle": "Pantry", "Sku": "21508362_EA", "Regular Price": "None", "Sale Price": "4.49", "Image": "https://assets.shop.loblaws.ca/products/21508362/b1/en/front/21508362_front_a01_@2.png", "Brand": "Betty Crocker", "Url": "https://www.maxi.ca/cookies-mix-cinnamon-toast-crunch/p/21508362_EA", "Sub Category": null, "English Name": "Cookies Mix, Cinnamon Toast Crunch", "Size": "357 g", "Size Label": "ea"}, {"Category": "Baking Essentials", "Aisle": "Pantry", "Sku": "20794478_EA", "Regular Price": "None", "Sale Price": "7.49", "Image": "https://assets.shop.loblaws.ca/products/20794478/b1/en/front/20794478_front_a01_@2.png", "Brand": "Betty Crocker", "Url": "https://www.maxi.ca/gluten-free-chocolate-chip-cookie-mix/p/20794478_EA", "Sub Category": null, "English Name": "Gluten Free Chocolate Chip Cookie Mix", "Size": "539 g", "Size Label": "ea"}, {"Category": "Baking Essentials", "Aisle": "Pantry", "Sku": "21105381_EA", "Regular Price": "None", "Sale Price": "3.29", "Image": "https://assets.shop.loblaws.ca/products/21105381/b1/en/front/21105381_front_a01_@2.png", "Brand": "Hershey's", "Url": "https://www.maxi.ca/chipits-unsweetened-cocoa/p/21105381_EA", "Sub Category": null, "English Name": "Chipits Unsweetened Cocoa", "Size": "226 g", "Size Label": "ea"}, {"Category": "Baking Essentials", "Aisle": "Pantry", "Sku": "21508333_EA", "Regular Price": "None", "Sale Price": "4.49", "Image": "https://assets.shop.loblaws.ca/products/21508333/b1/en/front/21508333_front_a01_@2.png", "Brand": "Betty Crocker", "Url": "https://www.maxi.ca/cake-mix-cinnamon-toast-crunch/p/21508333_EA", "Sub Category": null, "English Name": "Cake Mix, Cinnamon Toast Crunch", "Size": "453 g", "Size Label": "ea"}, {"Category": "Baking Essentials", "Aisle": "Pantry", "Sku": "20302704002_EA", "Regular Price": "None", "Sale Price": "5.29", "Image": "https://assets.shop.loblaws.ca/products/20302704002/b1/en/front/20302704002_front_a01_@2.png", "Brand": "Christie", "Url": "https://www.maxi.ca/honeymaid-graham-crumbs/p/20302704002_EA", "Sub Category": null, "English Name": "Honeymaid Graham Crumbs", "Size": "400 g", "Size Label": "ea"}, {"Category": "Baking Essentials", "Aisle": "Pantry", "Sku": "21033766_EA", "Regular Price": "None", "Sale Price": "7.99", "Image": "https://assets.shop.loblaws.ca/products/21033766/b1/en/front/21033766_front_a01_@2.png", "Brand": "President's Choice", "Url": "https://www.maxi.ca/nanaimo-bar-baking-mix/p/21033766_EA", "Sub Category": null, "English Name": "Nanaimo Bar Baking Mix", "Size": "740 g", "Size Label": "ea"}, {"Category": "Baking Essentials", "Aisle": "Pantry", "Sku": "20298695001_EA", "Regular Price": "None", "Sale Price": "5.29", "Image": "https://assets.shop.loblaws.ca/products/20298695001/b1/en/front/20298695001_front_a01_@2.png", "Brand": "Fleischmanns", "Url": "https://www.maxi.ca/bread-machine-yeast/p/20298695001_EA", "Sub Category": null, "English Name": "Bread Machine Yeast", "Size": "113 g", "Size Label": "ea"}, {"Category": "Baking Essentials", "Aisle": "Pantry", "Sku": "21124844_EA", "Regular Price": "None", "Sale Price": "3.49", "Image": "https://assets.shop.loblaws.ca/products/21124844/b1/en/front/21124844_front_a01_@2.png", "Brand": "Lantic", "Url": "https://www.maxi.ca/super-fine-sugar/p/21124844_EA", "Sub Category": null, "English Name": "Super Fine Sugar", "Size": "900 g", "Size Label": "ea"}, {"Category": "Baking Essentials", "Aisle": "Pantry", "Sku": "20325160002_EA", "Regular Price": "None", "Sale Price": "2.29", "Image": "https://assets.shop.loblaws.ca/products/20325160002/b1/en/front/20325160002_front_a01_@2.png", "Brand": "No Name", "Url": "https://www.maxi.ca/unsweetened-fine-coconut/p/20325160002_EA", "Sub Category": null, "English Name": "Unsweetened Fine Coconut", "Size": "200 g", "Size Label": "ea"}, {"Category": "Baking Essentials", "Aisle": "Pantry", "Sku": "20648048_EA", "Regular Price": "None", "Sale Price": "8.49", "Image": "https://assets.shop.loblaws.ca/products/20648048/b1/en/front/20648048_front_a01_@2.png", "Brand": "No Name", "Url": "https://www.maxi.ca/thompson-seedless-raisins/p/20648048_EA", "Sub Category": null, "English Name": "Thompson Seedless Raisins", "Size": "750 g", "Size Label": "ea"}, {"Category": "Baking Essentials", "Aisle": "Pantry", "Sku": "20426318_EA", "Regular Price": "None", "Sale Price": "17.99", "Image": "https://assets.shop.loblaws.ca/products/20426318/b1/en/front/20426318_front_a01_@2.png", "Brand": "No Name", "Url": "https://www.maxi.ca/walnut-pieces-club-size/p/20426318_EA", "Sub Category": null, "English Name": "Walnut Pieces Club Size", "Size": "1 kg", "Size Label": "ea"}, {"Category": "Baking Essentials", "Aisle": "Pantry", "Sku": "20642408003_EA", "Regular Price": "None", "Sale Price": "1.29", "Image": "https://assets.shop.loblaws.ca/products/20642408003/b1/en/front/20642408003_front_a01_@2.png", "Brand": "Dr Oetker", "Url": "https://www.maxi.ca/pudding-supreme-english-toffee/p/20642408003_EA", "Sub Category": null, "English Name": "Pudding Supreme, English Toffee", "Size": "90 g", "Size Label": "ea"}, {"Category": "Baking Essentials", "Aisle": "Pantry", "Sku": "20148369002_EA", "Regular Price": "2.99", "Sale Price": "1.99", "Image": "https://assets.shop.loblaws.ca/products/20148369002/b1/en/front/20148369002_front_a01_@2.png", "Brand": "Dr Oetker", "Url": "https://www.maxi.ca/shirriff-filling-dessert-mix-light-lemon-pie/p/20148369002_EA", "Sub Category": null, "English Name": "Shirriff Filling & Dessert Mix, Light Lemon Pie", "Size": "106 g", "Size Label": "ea"}, {"Category": "Baking Essentials", "Aisle": "Pantry", "Sku": "20430906002_EA", "Regular Price": "None", "Sale Price": "12.99", "Image": "https://assets.shop.loblaws.ca/products/20430906002/b1/en/front/20430906002_front_a01_@2.png", "Brand": "Freddo", "Url": "https://www.maxi.ca/dark-chocolate-chips/p/20430906002_EA", "Sub Category": null, "English Name": "Dark Chocolate Chips", "Size": "720 g", "Size Label": "ea"}, {"Category": "Baking Essentials", "Aisle": "Pantry", "Sku": "20647009_EA", "Regular Price": "None", "Sale Price": "7.99", "Image": "https://assets.shop.loblaws.ca/products/20647009/b1/en/front/20647009_front_a01_@2.png", "Brand": "No Name", "Url": "https://www.maxi.ca/sultana-raisins/p/20647009_EA", "Sub Category": null, "English Name": "Sultana Raisins", "Size": "750 g", "Size Label": "ea"}, {"Category": "Baking Essentials", "Aisle": "Pantry", "Sku": "20297753011_EA", "Regular Price": "None", "Sale Price": "5.99", "Image": "https://assets.shop.loblaws.ca/products/20297753011/b1/en/front/20297753011_front_a01_@2.png", "Brand": "ED Smith", "Url": "https://www.maxi.ca/pie-filling-cherry-light-fruity/p/20297753011_EA", "Sub Category": null, "English Name": "Pie Filling, Cherry Light & Fruity", "Size": "540 ml", "Size Label": "ea"}, {"Category": "Baking Essentials", "Aisle": "Pantry", "Sku": "20999054_EA", "Regular Price": "None", "Sale Price": "3.49", "Image": "https://assets.shop.loblaws.ca/products/20999054/b1/en/front/20999054_front_a01_@2.png", "Brand": "Lantic", "Url": "https://www.maxi.ca/sugar-packets/p/20999054_EA", "Sub Category": null, "English Name": "Sugar Packets", "Size": "350 g", "Size Label": "ea"}, {"Category": "Baking Essentials", "Aisle": "Pantry", "Sku": "21022010_EA", "Regular Price": "None", "Sale Price": "4.29", "Image": "https://assets.shop.loblaws.ca/products/21022010/b1/en/front/21022010_front_a01_@2.png", "Brand": "President's Choice", "Url": "https://www.maxi.ca/natural-source-stevia-calorie-free-liquid-sweetene/p/21022010_EA", "Sub Category": null, "English Name": "Natural Source Stevia Calorie-Free Liquid Sweetener", "Size": "50 ml", "Size Label": "ea"}, {"Category": "Baking Essentials", "Aisle": "Pantry", "Sku": "21466975_EA", "Regular Price": "None", "Sale Price": "7.99", "Image": "https://assets.shop.loblaws.ca/products/21466975/b1/en/front/21466975_front_a01_@2.png", "Brand": "Lulubelle & Co", "Url": "https://www.maxi.ca/lubl-gf-vanilla-cake-mix/p/21466975_EA", "Sub Category": null, "English Name": "Lubl Gf Vanilla Cake Mix", "Size": "414 g", "Size Label": "ea"}, {"Category": "Baking Essentials", "Aisle": "Pantry", "Sku": "20295898001_EA", "Regular Price": "None", "Sale Price": "4.49", "Image": "https://assets.shop.loblaws.ca/products/20295898001/b1/en/front/20295898001_front_a01_@2.png", "Brand": "Club House", "Url": "https://www.maxi.ca/pure-lemon-extract/p/20295898001_EA", "Sub Category": null, "English Name": "Pure Lemon Extract", "Size": "43 ml", "Size Label": "ea"}, {"Category": "Baking Essentials", "Aisle": "Pantry", "Sku": "20001792_EA", "Regular Price": "None", "Sale Price": "5.99", "Image": "https://assets.shop.loblaws.ca/products/20001792/b1/en/front/20001792_front_a01_@2.png", "Brand": "Kraft", "Url": "https://www.maxi.ca/baker-s-premium-70-dark-chocolate-baking-bar/p/20001792_EA", "Sub Category": null, "English Name": "Baker's Premium 70% Dark Chocolate Baking Bar", "Size": "170 g", "Size Label": "ea"}, {"Category": "Baking Essentials", "Aisle": "Pantry", "Sku": "20982548_EA", "Regular Price": "None", "Sale Price": "8.49", "Image": "https://assets.shop.loblaws.ca/products/20982548/b1/en/front/20982548_front_a01_@2.png", "Brand": "Splenda", "Url": "https://www.maxi.ca/low-calorie-brown-sugar-blend-for-baking/p/20982548_EA", "Sub Category": null, "English Name": "Low Calorie Brown Sugar Blend for Baking", "Size": "454 g", "Size Label": "ea"}, {"Category": "Baking Essentials", "Aisle": "Pantry", "Sku": "20795862_EA", "Regular Price": "None", "Sale Price": "3.29", "Image": "https://assets.shop.loblaws.ca/products/20795862/b1/en/front/20795862_front_a01_@2.png", "Brand": "Rogers", "Url": "https://www.maxi.ca/cube-sugar/p/20795862_EA", "Sub Category": null, "English Name": "Cube Sugar", "Size": "500 g", "Size Label": "ea"}, {"Category": "Baking Essentials", "Aisle": "Pantry", "Sku": "20173291001_EA", "Regular Price": "None", "Sale Price": "3.29", "Image": "https://assets.shop.loblaws.ca/products/20173291001/b1/en/front/20173291001_front_a01_@2.png", "Brand": "Blouin", "Url": "https://www.maxi.ca/toasted-flour-light/p/20173291001_EA", "Sub Category": null, "English Name": "Toasted Flour,  Light", "Size": "280 g", "Size Label": "ea"}, {"Category": "Baking Essentials", "Aisle": "Pantry", "Sku": "21042713_EA", "Regular Price": "None", "Sale Price": "9.49", "Image": "https://assets.shop.loblaws.ca/products/21042713/b1/en/front/21042713_front_a01_@2.png", "Brand": "Chocolats Favoris", "Url": "https://www.maxi.ca/hazelnut-praline-milk-chocolate-fondue/p/21042713_EA", "Sub Category": null, "English Name": "Hazelnut Praline Milk Chocolate Fondue", "Size": "215 g", "Size Label": "ea"}, {"Category": "Baking Essentials", "Aisle": "Pantry", "Sku": "20811296002_EA", "Regular Price": "None", "Sale Price": "4.49", "Image": "https://assets.shop.loblaws.ca/products/20811296002/b1/en/front/20811296002_front_a01_@2.png", "Brand": "Club House", "Url": "https://www.maxi.ca/imitation-caramel-extract/p/20811296002_EA", "Sub Category": null, "English Name": "Imitation Caramel Extract", "Size": "43 ml", "Size Label": "ea"}, {"Category": "Baking Essentials", "Aisle": "Pantry", "Sku": "20949371_EA", "Regular Price": "None", "Sale Price": "6.49", "Image": "https://assets.shop.loblaws.ca/products/20949371/b1/en/front/20949371_front_a01_@2.png", "Brand": "Ocean Spray", "Url": "https://www.maxi.ca/craisins-dried-cranberries/p/20949371_EA", "Sub Category": null, "English Name": "Craisins Dried Cranberries", "Size": "680 g", "Size Label": "ea"}, {"Category": "Baking Essentials", "Aisle": "Pantry", "Sku": "21096607_EA", "Regular Price": "None", "Sale Price": "4.49", "Image": "https://assets.shop.loblaws.ca/products/21096607/b1/en/front/21096607_front_a01_@2.png", "Brand": "Betty Crocker", "Url": "https://www.maxi.ca/mug-cake-rainbow-bit-flavour-frosting-included-3-s/p/21096607_EA", "Sub Category": null, "English Name": "Mug Cake, Rainbow Bit Flavour, Frosting Included, 3 Servings", "Size": "294 g", "Size Label": "ea"}, {"Category": "Baking Essentials", "Aisle": "Pantry", "Sku": "21094975_EA", "Regular Price": "None", "Sale Price": "4.49", "Image": "https://assets.shop.loblaws.ca/products/21094975/b1/en/front/21094975_front_a01_@2.png", "Brand": "Betty Crocker", "Url": "https://www.maxi.ca/mug-cake-double-chocolate-cake-with-fudge-topping/p/21094975_EA", "Sub Category": null, "English Name": "Mug Cake Double Chocolate Cake with Fudge Topping", "Size": "266 g", "Size Label": "ea"}, {"Category": "Baking Essentials", "Aisle": "Pantry", "Sku": "20647401_EA", "Regular Price": "None", "Sale Price": "4.49", "Image": "https://assets.shop.loblaws.ca/products/20647401/b1/en/front/20647401_front_a01_@2.png", "Brand": "No Name", "Url": "https://www.maxi.ca/thompson-seedless-raisins/p/20647401_EA", "Sub Category": null, "English Name": "Thompson Seedless Raisins  ", "Size": "375 g", "Size Label": "ea"}, {"Category": "Baking Essentials", "Aisle": "Pantry", "Sku": "20134601_EA", "Regular Price": "None", "Sale Price": "18.49", "Image": "https://assets.shop.loblaws.ca/products/20134601/b1/en/front/20134601_front_a01_@2.png", "Brand": "Club House", "Url": "https://www.maxi.ca/pure-vanilla/p/20134601_EA", "Sub Category": null, "English Name": "Pure Vanilla", "Size": "125 ml", "Size Label": "ea"}, {"Category": "Baking Essentials", "Aisle": "Pantry", "Sku": "21307235_EA", "Regular Price": "None", "Sale Price": "5.99", "Image": "https://assets.shop.loblaws.ca/products/21307235/b1/en/front/21307235_front_a01_@2.png", "Brand": "Sunmaid", "Url": "https://www.maxi.ca/natural-california-raisins/p/21307235_EA", "Sub Category": null, "English Name": "Natural California Raisins", "Size": "500 g", "Size Label": "ea"}, {"Category": "Baking Essentials", "Aisle": "Pantry", "Sku": "21351367_EA", "Regular Price": "2.29", "Sale Price": "1.99", "Image": "https://assets.shop.loblaws.ca/products/21351367/b1/en/front/21351367_front_a01_@2.png", "Brand": "Fleischmanns", "Url": "https://www.maxi.ca/traditional-yeast/p/21351367_EA", "Sub Category": null, "English Name": "Traditional Yeast", "Size": "24 g", "Size Label": "ea"}, {"Category": "Baking Essentials", "Aisle": "Pantry", "Sku": "21526650_EA", "Regular Price": "None", "Sale Price": "1.99", "Image": "https://assets.shop.loblaws.ca/products/21526650/b1/en/front/21526650_front_a01_@2.png", "Brand": "LAURA SECORD", "Url": "https://www.maxi.ca/milk-chocolate-chips/p/21526650_EA", "Sub Category": null, "English Name": "Milk Chocolate Chips", "Size": "250 g", "Size Label": "ea"}, {"Category": "Baking Essentials", "Aisle": "Pantry", "Sku": "21195304_EA", "Regular Price": "None", "Sale Price": "6.29", "Image": "https://assets.shop.loblaws.ca/products/21195304/b1/en/front/21195304_front_a01_@2.png", "Brand": "Wilton", "Url": "https://www.maxi.ca/meringue-powder/p/21195304_EA", "Sub Category": null, "English Name": "Meringue Powder", "Size": "113 g", "Size Label": "ea"}, {"Category": "Baking Essentials", "Aisle": "Pantry", "Sku": "20316019001_EA", "Regular Price": "None", "Sale Price": "5.99", "Image": "https://assets.shop.loblaws.ca/products/20316019001/b1/en/front/20316019001_front_a01_@2.png", "Brand": "Kraft", "Url": "https://www.maxi.ca/baker-s-100-pure-semi-sweet-chocolate-baking-bar/p/20316019001_EA", "Sub Category": null, "English Name": "Baker's 100% Pure Semi-Sweet Chocolate Baking Bar", "Size": "225 g", "Size Label": "ea"}, {"Category": "Baking Essentials", "Aisle": "Pantry", "Sku": "20650915_EA", "Regular Price": "None", "Sale Price": "6.99", "Image": "https://assets.shop.loblaws.ca/products/20650915/b1/en/front/20650915_front_a01_@2.png", "Brand": "No Name", "Url": "https://www.maxi.ca/all-purpose-flour/p/20650915_EA", "Sub Category": null, "English Name": "All-Purpose Flour", "Size": "5 kg", "Size Label": "ea"}, {"Category": "Baking Essentials", "Aisle": "Pantry", "Sku": "20300739001_EA", "Regular Price": "None", "Sale Price": "1.29", "Image": "https://assets.shop.loblaws.ca/products/20300739001/b1/en/front/20300739001_front_a01_@2.png", "Brand": "Jell-O", "Url": "https://www.maxi.ca/raspberry-jelly-powder-light-gelatin-mix/p/20300739001_EA", "Sub Category": null, "English Name": "Raspberry Jelly Powder Light, Gelatin Mix", "Size": "10 g", "Size Label": "ea"}, {"Category": "Baking Essentials", "Aisle": "Pantry", "Sku": "20706816_EA", "Regular Price": "None", "Sale Price": "9.99", "Image": "https://assets.shop.loblaws.ca/products/20706816/b1/en/front/20706816_front_a01_@2.png", "Brand": "In The Raw", "Url": "https://www.maxi.ca/natural-sweetener-bakers-bag/p/20706816_EA", "Sub Category": null, "English Name": "Natural Sweetener Bakers Bag", "Size": "275 g", "Size Label": "ea"}, {"Category": "Baking Essentials", "Aisle": "Pantry", "Sku": "20007659_EA", "Regular Price": "None", "Sale Price": "3.49", "Image": "https://assets.shop.loblaws.ca/products/20007659/b1/en/front/20007659_front_a01_@2.png", "Brand": "Ocean Spray", "Url": "https://www.maxi.ca/craisins-sweetened-dried-cranberries/p/20007659_EA", "Sub Category": null, "English Name": "Craisins Sweetened Dried Cranberries ", "Size": "340 g", "Size Label": "ea"}, {"Category": "Baking Essentials", "Aisle": "Pantry", "Sku": "21452933_EA", "Regular Price": "3.99", "Sale Price": "3.29", "Image": "https://assets.shop.loblaws.ca/products/21452933/b1/en/front/21452933_front_a01_@2.png", "Brand": "Hershey's", "Url": "https://www.maxi.ca/chipits-mini-kisses-baking-pieces-270g/p/21452933_EA", "Sub Category": null, "English Name": "Chipits Mini Kisses Baking Pieces, 270G", "Size": "270 g", "Size Label": "ea"}, {"Category": "Baking Essentials", "Aisle": "Pantry", "Sku": "20664405_EA", "Regular Price": "None", "Sale Price": "9.49", "Image": "https://assets.shop.loblaws.ca/products/20664405/b1/en/front/20664405_front_a01_@2.png", "Brand": "Crosby", "Url": "https://www.maxi.ca/fancy-molasses/p/20664405_EA", "Sub Category": null, "English Name": "Fancy Molasses", "Size": "1.35 kg", "Size Label": "ea"}, {"Category": "Baking Essentials", "Aisle": "Pantry", "Sku": "21030504_EA", "Regular Price": "None", "Sale Price": "4.99", "Image": "https://assets.shop.loblaws.ca/products/21030504/b1/en/front/21030504_front_a01_@2.png", "Brand": "President's Choice", "Url": "https://www.maxi.ca/stevia-sweetener-packets/p/21030504_EA", "Sub Category": null, "English Name": "Stevia Sweetener Packets", "Size": "80 g", "Size Label": "ea"}, {"Category": "Baking Essentials", "Aisle": "Pantry", "Sku": "20617491_EA", "Regular Price": "None", "Sale Price": "3.49", "Image": "https://assets.shop.loblaws.ca/products/20617491/b1/en/front/20617491_front_a01_@2.png", "Brand": "No Name", "Url": "https://www.maxi.ca/walnut-pieces/p/20617491_EA", "Sub Category": null, "English Name": "Walnut Pieces", "Size": "100 g", "Size Label": "ea"}, {"Category": "Baking Essentials", "Aisle": "Pantry", "Sku": "20647525_EA", "Regular Price": "None", "Sale Price": "7.99", "Image": "https://assets.shop.loblaws.ca/products/20647525/b1/en/front/20647525_front_a01_@2.png", "Brand": "No Name", "Url": "https://www.maxi.ca/sweetened-dried-cranberries/p/20647525_EA", "Sub Category": null, "English Name": "Sweetened Dried Cranberries ", "Size": "750 g", "Size Label": "ea"}, {"Category": "Baking Essentials", "Aisle": "Pantry", "Sku": "20640417_EA", "Regular Price": "None", "Sale Price": "1.99", "Image": "https://assets.shop.loblaws.ca/products/20640417/b1/en/front/20640417_front_a01_@2.png", "Brand": "Dr Oetker", "Url": "https://www.maxi.ca/shirriff-pie-crust-mix/p/20640417_EA", "Sub Category": null, "English Name": "Shirriff Pie Crust Mix ", "Size": "260 g", "Size Label": "ea"}, {"Category": "Baking Essentials", "Aisle": "Pantry", "Sku": "20171622_EA", "Regular Price": "None", "Sale Price": "3.49", "Image": "https://assets.shop.loblaws.ca/products/20171622/b1/en/front/20171622_front_a01_@2.png", "Brand": "No Name", "Url": "https://www.maxi.ca/pecan-pieces/p/20171622_EA", "Sub Category": null, "English Name": "Pecan Pieces", "Size": "100 g", "Size Label": "ea"}, {"Category": "Baking Essentials", "Aisle": "Pantry", "Sku": "21547842_EA", "Regular Price": "None", "Sale Price": "2.49", "Image": "https://assets.shop.loblaws.ca/products/21547842/b1/en/front/21547842_front_a01_@2.png", "Brand": "Betty Crocker", "Url": "https://www.maxi.ca/super-moist-cake-mix-pecan/p/21547842_EA", "Sub Category": null, "English Name": "Super Moist Cake Mix Pecan", "Size": "375 g", "Size Label": "ea"}, {"Category": "Baking Essentials", "Aisle": "Pantry", "Sku": "20102920001_EA", "Regular Price": "None", "Sale Price": "5.29", "Image": "https://assets.shop.loblaws.ca/products/20102920001/b1/en/front/20102920001_front_a01_@2.png", "Brand": "Fleischmanns", "Url": "https://www.maxi.ca/quick-rise-yeast/p/20102920001_EA", "Sub Category": null, "English Name": "Quick Rise Yeast", "Size": "113 g", "Size Label": "ea"}, {"Category": "Baking Essentials", "Aisle": "Pantry", "Sku": "20148914002_EA", "Regular Price": "None", "Sale Price": "5.99", "Image": "https://assets.shop.loblaws.ca/products/20148914002/b1/en/front/20148914002_front_a01_@2.png", "Brand": "Five Roses", "Url": "https://www.maxi.ca/never-bleached-all-purpose-flour/p/20148914002_EA", "Sub Category": null, "English Name": "Never Bleached All Purpose Flour", "Size": "2.5 kg", "Size Label": "ea"}, {"Category": "Baking Essentials", "Aisle": "Pantry", "Sku": "20122892_EA", "Regular Price": "None", "Sale Price": "5.99", "Image": "https://assets.shop.loblaws.ca/products/20122892/b1/en/front/20122892_front_a01_@2.png", "Brand": "Birds", "Url": "https://www.maxi.ca/custard-powder/p/20122892_EA", "Sub Category": null, "English Name": "Custard Powder", "Size": "340 g", "Size Label": "ea"}, {"Category": "Baking Essentials", "Aisle": "Pantry", "Sku": "21334837_EA", "Regular Price": "None", "Sale Price": "3.99", "Image": "https://assets.shop.loblaws.ca/products/21334837/b1/en/front/21334837_front_a01_@2.png", "Brand": "President's Choice", "Url": "https://www.maxi.ca/plant-based-mini-chocolate-chips-semi-sweet/p/21334837_EA", "Sub Category": null, "English Name": "Plant Based Mini Chocolate Chips Semi-Sweet", "Size": "300 g", "Size Label": "ea"}, {"Category": "Baking Essentials", "Aisle": "Pantry", "Sku": "20647361_EA", "Regular Price": "None", "Sale Price": "4.49", "Image": "https://assets.shop.loblaws.ca/products/20647361/b1/en/front/20647361_front_a01_@2.png", "Brand": "No Name", "Url": "https://www.maxi.ca/currants/p/20647361_EA", "Sub Category": null, "English Name": "Currants", "Size": "375 g", "Size Label": "ea"}, {"Category": "Baking Essentials", "Aisle": "Pantry", "Sku": "21039704_EA", "Regular Price": "None", "Sale Price": "7.99", "Image": "https://assets.shop.loblaws.ca/products/21039704/b1/en/front/21039704_front_a01_@2.png", "Brand": "No Name", "Url": "https://www.maxi.ca/cocoa-club-size/p/21039704_EA", "Sub Category": null, "English Name": "Cocoa, Club Size", "Size": "454 g", "Size Label": "ea"}, {"Category": "Baking Essentials", "Aisle": "Pantry", "Sku": "20162431_EA", "Regular Price": "None", "Sale Price": "3.29", "Image": "https://assets.shop.loblaws.ca/products/20162431/b1/en/front/20162431_front_a01_@2.png", "Brand": "Unico", "Url": "https://www.maxi.ca/durum-semolina/p/20162431_EA", "Sub Category": null, "English Name": "Durum Semolina", "Size": "750 g", "Size Label": "ea"}, {"Category": "Baking Essentials", "Aisle": "Pantry", "Sku": "20970802_EA", "Regular Price": "None", "Sale Price": "3.79", "Image": "https://assets.shop.loblaws.ca/products/20970802/b1/en/front/20970802_front_a01_@2.png", "Brand": "President's Choice", "Url": "https://www.maxi.ca/pitted-california-dates/p/20970802_EA", "Sub Category": null, "English Name": "Pitted California Dates", "Size": "200 g", "Size Label": "ea"}, {"Category": "Baking Essentials", "Aisle": "Pantry", "Sku": "20121152001_EA", "Regular Price": "None", "Sale Price": "4.99", "Image": "https://assets.shop.loblaws.ca/products/20121152001/b1/en/front/20121152001_front_a01_@2.png", "Brand": "Five Roses", "Url": "https://www.maxi.ca/white-all-purpose-flour/p/20121152001_EA", "Sub Category": null, "English Name": "White All Purpose Flour", "Size": "1 kg", "Size Label": "ea"}, {"Category": "Baking Essentials", "Aisle": "Pantry", "Sku": "21042709_EA", "Regular Price": "None", "Sale Price": "9.49", "Image": "https://assets.shop.loblaws.ca/products/21042709/b1/en/front/21042709_front_a01_@2.png", "Brand": "Chocolats Favoris", "Url": "https://www.maxi.ca/salted-caramel-milk-chocolate-fondue/p/21042709_EA", "Sub Category": null, "English Name": "Salted Caramel Milk Chocolate Fondue", "Size": "215 g", "Size Label": "ea"}, {"Category": "Baking Essentials", "Aisle": "Pantry", "Sku": "20585352_EA", "Regular Price": "None", "Sale Price": "12.99", "Image": "https://assets.shop.loblaws.ca/products/20585352/b1/en/front/20585352_front_a01_@2.png", "Brand": "PC Black Label", "Url": "https://www.maxi.ca/madagascar-bourbon-vanilla-bean-paste/p/20585352_EA", "Sub Category": null, "English Name": "Madagascar Bourbon Vanilla Bean Paste", "Size": "118 g", "Size Label": "ea"}, {"Category": "Baking Essentials", "Aisle": "Pantry", "Sku": "21165877_EA", "Regular Price": "None", "Sale Price": "5.29", "Image": "https://assets.shop.loblaws.ca/products/21165877/b1/en/front/21165877_front_a01_@2.png", "Brand": "No Name", "Url": "https://www.maxi.ca/oatmeal-muffin-mix/p/21165877_EA", "Sub Category": null, "English Name": "Oatmeal Muffin Mix", "Size": "900 g", "Size Label": "ea"}, {"Category": "Baking Essentials", "Aisle": "Pantry", "Sku": "20997484_EA", "Regular Price": "None", "Sale Price": "5.99", "Image": "https://assets.shop.loblaws.ca/products/20997484/b1/en/front/20997484_front_a01_@2.png", "Brand": "Lantic", "Url": "https://www.maxi.ca/coconut-sugar/p/20997484_EA", "Sub Category": null, "English Name": "Coconut Sugar", "Size": "450 g", "Size Label": "ea"}, {"Category": "Baking Essentials", "Aisle": "Pantry", "Sku": "20037538_EA", "Regular Price": "None", "Sale Price": "13.99", "Image": "https://assets.shop.loblaws.ca/products/20037538/b1/en/front/20037538_front_a01_@2.png", "Brand": "Lantic", "Url": "https://www.maxi.ca/white-granulated-sugar/p/20037538_EA", "Sub Category": null, "English Name": "White Granulated Sugar", "Size": "10 kg", "Size Label": "ea"}, {"Category": "Baking Essentials", "Aisle": "Pantry", "Sku": "20805114_EA", "Regular Price": "None", "Sale Price": "5.29", "Image": "https://assets.shop.loblaws.ca/products/20805114/b1/en/front/20805114_front_a01_@2.png", "Brand": "President's Choice", "Url": "https://www.maxi.ca/madagascar-bourbon-vanilla-cake-mix/p/20805114_EA", "Sub Category": null, "English Name": "Madagascar Bourbon Vanilla Cake Mix", "Size": "500 g", "Size Label": "ea"}, {"Category": "Baking Essentials", "Aisle": "Pantry", "Sku": "20324338004_EA", "Regular Price": "2.99", "Sale Price": "1.99", "Image": "https://assets.shop.loblaws.ca/products/20324338004/b1/en/front/20324338004_front_a01_@2.png", "Brand": "Dr Oetker", "Url": "https://www.maxi.ca/shirriff-chocolate-pudding-pie-filling/p/20324338004_EA", "Sub Category": null, "English Name": "Shirriff Chocolate Pudding & Pie Filling", "Size": "180 g", "Size Label": "ea"}, {"Category": "Baking Essentials", "Aisle": "Pantry", "Sku": "20794706_EA", "Regular Price": "None", "Sale Price": "7.49", "Image": "https://assets.shop.loblaws.ca/products/20794706/b1/en/front/20794706_front_a01_@2.png", "Brand": "Betty Crocker", "Url": "https://www.maxi.ca/gluten-free-chocolate-brownie-mix/p/20794706_EA", "Sub Category": null, "English Name": "Gluten Free Chocolate Brownie Mix", "Size": "454 g", "Size Label": "ea"}, {"Category": "Baking Essentials", "Aisle": "Pantry", "Sku": "20300289_EA", "Regular Price": "2.69", "Sale Price": "1.99", "Image": "https://assets.shop.loblaws.ca/products/20300289/b1/en/front/20300289_front_a01_@2.png", "Brand": "Dr Oetker", "Url": "https://www.maxi.ca/shirriff-mousse-mix-strawberry/p/20300289_EA", "Sub Category": null, "English Name": "Shirriff Mousse Mix, Strawberry", "Size": "69 g", "Size Label": "ea"}, {"Category": "Baking Essentials", "Aisle": "Pantry", "Sku": "21165909_EA", "Regular Price": "2.99", "Sale Price": "1.99", "Image": "https://assets.shop.loblaws.ca/products/21165909/b1/en/front/21165909_front_a01_@2.png", "Brand": "Dr Oetker", "Url": "https://www.maxi.ca/butter-tart-filling-mix/p/21165909_EA", "Sub Category": null, "English Name": "Butter Tart Filling Mix", "Size": "180 g", "Size Label": "ea"}, {"Category": "Baking Essentials", "Aisle": "Pantry", "Sku": "20300739003_EA", "Regular Price": "None", "Sale Price": "1.29", "Image": "https://assets.shop.loblaws.ca/products/20300739003/b1/en/front/20300739003_front_a01_@2.png", "Brand": "Jell-O", "Url": "https://www.maxi.ca/cherry-jelly-powder-light-gelatin-mix/p/20300739003_EA", "Sub Category": null, "English Name": "Cherry Jelly Powder Light, Gelatin Mix", "Size": "11.2 g", "Size Label": "ea"}, {"Category": "Baking Essentials", "Aisle": "Pantry", "Sku": "20307131002_EA", "Regular Price": "None", "Sale Price": "2.29", "Image": "https://assets.shop.loblaws.ca/products/20307131002/b1/en/front/20307131002_front_a01_@2.png", "Brand": "No Name", "Url": "https://www.maxi.ca/sweetened-flaked-coconut/p/20307131002_EA", "Sub Category": null, "English Name": "Sweetened Flaked Coconut", "Size": "200 g", "Size Label": "ea"}, {"Category": "Baking Essentials", "Aisle": "Pantry", "Sku": "20617519_EA", "Regular Price": "None", "Sale Price": "3.49", "Image": "https://assets.shop.loblaws.ca/products/20617519/b1/en/front/20617519_front_a01_@2.png", "Brand": "No Name", "Url": "https://www.maxi.ca/ground-almonds/p/20617519_EA", "Sub Category": null, "English Name": "Ground Almonds", "Size": "100 g", "Size Label": "ea"}, {"Category": "Baking Essentials", "Aisle": "Pantry", "Sku": "20617951_EA", "Regular Price": "None", "Sale Price": "4.99", "Image": "https://assets.shop.loblaws.ca/products/20617951/b1/en/front/20617951_front_a01_@2.png", "Brand": "No Name", "Url": "https://www.maxi.ca/whole-cashews/p/20617951_EA", "Sub Category": null, "English Name": "Whole Cashews", "Size": "100 g", "Size Label": "ea"}, {"Category": "Baking Essentials", "Aisle": "Pantry", "Sku": "20794547_EA", "Regular Price": "None", "Sale Price": "4.79", "Image": "https://assets.shop.loblaws.ca/products/20794547/b1/en/front/20794547_front_a01_@2.png", "Brand": "In The Raw", "Url": "https://www.maxi.ca/natural-turbinado-sugar/p/20794547_EA", "Sub Category": null, "English Name": "Natural Turbinado Sugar", "Size": "50 g", "Size Label": "ea"}, {"Category": "Baking Essentials", "Aisle": "Pantry", "Sku": "20325160001_EA", "Regular Price": "None", "Sale Price": "2.29", "Image": "https://assets.shop.loblaws.ca/products/20325160001/b1/en/front/20325160001_front_a01_@2.png", "Brand": "No Name", "Url": "https://www.maxi.ca/unsweetened-medium-coconut/p/20325160001_EA", "Sub Category": null, "English Name": "Unsweetened Medium Coconut", "Size": "200 g", "Size Label": "ea"}, {"Category": "Baking Essentials", "Aisle": "Pantry", "Sku": "20055326001_EA", "Regular Price": "None", "Sale Price": "6.99", "Image": "https://assets.shop.loblaws.ca/products/20055326001/b1/en/front/20055326001_front_a01_@2.png", "Brand": "No Name", "Url": "https://www.maxi.ca/red-glace-cherries/p/20055326001_EA", "Sub Category": null, "English Name": "Red Glace Cherries", "Size": "450 g", "Size Label": "ea"}, {"Category": "Baking Essentials", "Aisle": "Pantry", "Sku": "20307001002_EA", "Regular Price": "None", "Sale Price": "1.39", "Image": "https://assets.shop.loblaws.ca/products/20307001002/b1/en/front/20307001002_front_a01_@2.png", "Brand": "Jell-O", "Url": "https://www.maxi.ca/chocolate-instant-pudding-mix/p/20307001002_EA", "Sub Category": null, "English Name": "Chocolate Instant Pudding Mix", "Size": "113 g", "Size Label": "ea"}, {"Category": "Baking Essentials", "Aisle": "Pantry", "Sku": "20297753004_EA", "Regular Price": "None", "Sale Price": "5.99", "Image": "https://assets.shop.loblaws.ca/products/20297753004/b1/en/front/20297753004_front_a01_@2.png", "Brand": "ED Smith", "Url": "https://www.maxi.ca/pie-filling-blueberry/p/20297753004_EA", "Sub Category": null, "English Name": "Pie Filling, Blueberry", "Size": "540 ml", "Size Label": "ea"}, {"Category": "Baking Essentials", "Aisle": "Pantry", "Sku": "20754542_EA", "Regular Price": "None", "Sale Price": "4.49", "Image": "https://assets.shop.loblaws.ca/products/20754542/b1/en/front/20754542_front_a01_@2.png", "Brand": "Betty Crocker", "Url": "https://www.maxi.ca/chocolate-chunk-brownie-mix/p/20754542_EA", "Sub Category": null, "English Name": "Chocolate Chunk Brownie Mix", "Size": "440 g", "Size Label": "ea"}, {"Category": "Baking Essentials", "Aisle": "Pantry", "Sku": "20648026_EA", "Regular Price": "None", "Sale Price": "4.49", "Image": "https://assets.shop.loblaws.ca/products/20648026/b1/en/front/20648026_front_a01_@2.png", "Brand": "No Name", "Url": "https://www.maxi.ca/sultana-raisins/p/20648026_EA", "Sub Category": null, "English Name": "Sultana Raisins", "Size": "375 g", "Size Label": "ea"}, {"Category": "Baking Essentials", "Aisle": "Pantry", "Sku": "20664416_EA", "Regular Price": "None", "Sale Price": "4.79", "Image": "https://assets.shop.loblaws.ca/products/20664416/b1/en/front/20664416_front_a01_@2.png", "Brand": "President's Choice", "Url": "https://www.maxi.ca/pure-fancy-molasses/p/20664416_EA", "Sub Category": null, "English Name": "Pure Fancy Molasses", "Size": "675 g", "Size Label": "ea"}, {"Category": "Baking Essentials", "Aisle": "Pantry", "Sku": "20599246_EA", "Regular Price": "None", "Sale Price": "3.49", "Image": "https://assets.shop.loblaws.ca/products/20599246/b1/en/front/20599246_front_a01_@2.png", "Brand": "No Name", "Url": "https://www.maxi.ca/chopped-walnuts/p/20599246_EA", "Sub Category": null, "English Name": "Chopped Walnuts", "Size": "100 g", "Size Label": "ea"}, {"Category": "Baking Essentials", "Aisle": "Pantry", "Sku": "20149342001_EA", "Regular Price": "None", "Sale Price": "12.99", "Image": "https://assets.shop.loblaws.ca/products/20149342001/b1/en/front/20149342001_front_a01_@2.png", "Brand": "Robin Hood", "Url": "https://www.maxi.ca/original-all-purpose-flour/p/20149342001_EA", "Sub Category": null, "English Name": "Original All Purpose Flour", "Size": "5 kg", "Size Label": "ea"}, {"Category": "Baking Essentials", "Aisle": "Pantry", "Sku": "20104269001_EA", "Regular Price": "None", "Sale Price": "12.99", "Image": "https://assets.shop.loblaws.ca/products/20104269001/b1/en/front/20104269001_front_a01_@2.png", "Brand": "Robin Hood", "Url": "https://www.maxi.ca/best-for-bread-homestyle-white-flour/p/20104269001_EA", "Sub Category": null, "English Name": "Best For Bread Homestyle White Flour", "Size": "5 kg", "Size Label": "ea"}, {"Category": "Baking Essentials", "Aisle": "Pantry", "Sku": "20562641004_EA", "Regular Price": "None", "Sale Price": "2.49", "Image": "https://assets.shop.loblaws.ca/products/20562641004/b1/en/front/20562641004_front_a01_@2.png", "Brand": "Betty Crocker", "Url": "https://www.maxi.ca/creamy-deluxe-french-vanilla-frosting/p/20562641004_EA", "Sub Category": null, "English Name": "Creamy Deluxe French Vanilla Frosting ", "Size": "450 g", "Size Label": "ea"}, {"Category": "Baking Essentials", "Aisle": "Pantry", "Sku": "20605439_EA", "Regular Price": "4.29", "Sale Price": "3.99", "Image": "https://assets.shop.loblaws.ca/products/20605439/b1/en/front/20605439_front_a01_@2.png", "Brand": "Paperchef", "Url": "https://www.maxi.ca/culinary-parchment/p/20605439_EA", "Sub Category": null, "English Name": "Culinary Parchment", "Size": "60 ea", "Size Label": "ea"}, {"Category": "Baking Essentials", "Aisle": "Pantry", "Sku": "20973355_EA", "Regular Price": "11.49", "Sale Price": "9.99", "Image": "https://assets.shop.loblaws.ca/products/20973355/b1/en/front/20973355_front_a01_@2.png", "Brand": "Splenda", "Url": "https://www.maxi.ca/no-calorie-granulated-sugar-substitute/p/20973355_EA", "Sub Category": null, "English Name": "No Calorie Granulated Sugar Substitute", "Size": "275 g", "Size Label": "ea"}, {"Category": "Baking Essentials", "Aisle": "Pantry", "Sku": "20664406_EA", "Regular Price": "None", "Sale Price": "5.49", "Image": "https://assets.shop.loblaws.ca/products/20664406/b1/en/front/20664406_front_a01_@2.png", "Brand": "Crosby", "Url": "https://www.maxi.ca/grandma-fancy-molasses/p/20664406_EA", "Sub Category": null, "English Name": "Grandma Fancy Molasses", "Size": "675 g", "Size Label": "ea"}, {"Category": "Baking Essentials", "Aisle": "Pantry", "Sku": "20303325_EA", "Regular Price": "None", "Sale Price": "3.99", "Image": "https://assets.shop.loblaws.ca/products/20303325/b1/en/front/20303325_front_a01_@2.png", "Brand": "No Name", "Url": "https://www.maxi.ca/whole-wheat-flour/p/20303325_EA", "Sub Category": null, "English Name": "Whole Wheat Flour", "Size": "2.5 kg", "Size Label": "ea"}, {"Category": "Baking Essentials", "Aisle": "Pantry", "Sku": "20647523_EA", "Regular Price": "None", "Sale Price": "8.99", "Image": "https://assets.shop.loblaws.ca/products/20647523/b1/en/front/20647523_front_a01_@2.png", "Brand": "No Name", "Url": "https://www.maxi.ca/whole-pitted-dates-club-size/p/20647523_EA", "Sub Category": null, "English Name": "Whole Pitted Dates Club Size", "Size": "1 kg", "Size Label": "ea"}, {"Category": "Baking Essentials", "Aisle": "Pantry", "Sku": "21023141_EA", "Regular Price": "None", "Sale Price": "2.99", "Image": "https://assets.shop.loblaws.ca/products/21023141/b1/en/front/21023141_front_a01_@2.png", "Brand": "No Name", "Url": "https://www.maxi.ca/jumbo-marshmallows/p/21023141_EA", "Sub Category": null, "English Name": "Jumbo Marshmallows", "Size": "400 g", "Size Label": "ea"}, {"Category": "Baking Essentials", "Aisle": "Pantry", "Sku": "21452945_EA", "Regular Price": "None", "Sale Price": "16.99", "Image": "https://assets.shop.loblaws.ca/products/21452945/b1/en/front/21452945_front_a01_@2.png", "Brand": "Hershey's", "Url": "https://www.maxi.ca/chipits-pure-semi-sweet-chocolate-chips-1-65kg/p/21452945_EA", "Sub Category": null, "English Name": "Chipits Pure Semi-Sweet Chocolate Chips, 1.65Kg", "Size": "1650 g", "Size Label": "ea"}, {"Category": "Baking Essentials", "Aisle": "Pantry", "Sku": "21045252_EA", "Regular Price": "None", "Sale Price": "3.99", "Image": "https://assets.shop.loblaws.ca/products/21045252/b1/en/front/21045252_front_a01_@2.png", "Brand": "No Name", "Url": "https://www.maxi.ca/cake-pastry-flour/p/21045252_EA", "Sub Category": null, "English Name": "Cake & Pastry Flour", "Size": "2.5 kg", "Size Label": "ea"}, {"Category": "Baking Essentials", "Aisle": "Pantry", "Sku": "20814206_EA", "Regular Price": "None", "Sale Price": "5.29", "Image": "https://assets.shop.loblaws.ca/products/20814206/b1/en/front/20814206_front_a01_@2.png", "Brand": "Rogers", "Url": "https://www.maxi.ca/stevia-leaf-extract-sweetener/p/20814206_EA", "Sub Category": null, "English Name": "Stevia Leaf Extract Sweetener", "Size": "90 g", "Size Label": "ea"}, {"Category": "Baking Essentials", "Aisle": "Pantry", "Sku": "20010752_EA", "Regular Price": "None", "Sale Price": "4.79", "Image": "https://assets.shop.loblaws.ca/products/20010752/b1/en/front/20010752_front_a01_@2.png", "Brand": "Club House", "Url": "https://www.maxi.ca/artificial-vanilla-extract/p/20010752_EA", "Sub Category": null, "English Name": "Artificial Vanilla Extract", "Size": "125 ml", "Size Label": "ea"}, {"Category": "Baking Essentials", "Aisle": "Pantry", "Sku": "21165861_EA", "Regular Price": "None", "Sale Price": "5.29", "Image": "https://assets.shop.loblaws.ca/products/21165861/b1/en/front/21165861_front_a01_@2.png", "Brand": "No Name", "Url": "https://www.maxi.ca/bran-muffin-mix/p/21165861_EA", "Sub Category": null, "English Name": "Bran Muffin Mix", "Size": "900 g", "Size Label": "ea"}, {"Category": "Baking Essentials", "Aisle": "Pantry", "Sku": "21030629_EA", "Regular Price": "None", "Sale Price": "4.49", "Image": "https://assets.shop.loblaws.ca/products/21030629/b1/en/front/21030629_front_a01_@2.png", "Brand": "Cake Mate", "Url": "https://www.maxi.ca/candles-10-birthday-candles-number-0-9/p/21030629_EA", "Sub Category": null, "English Name": "Candles 10 Birthday Candles Number 0-9", "Size": "10 ea", "Size Label": "ea"}, {"Category": "Baking Essentials", "Aisle": "Pantry", "Sku": "20907065_EA", "Regular Price": "None", "Sale Price": "6.49", "Image": "https://assets.shop.loblaws.ca/products/20907065/b1/en/front/20907065_front_a01_@2.png", "Brand": "Caesarstea", "Url": "https://www.maxi.ca/organic-blond-sugar/p/20907065_EA", "Sub Category": null, "English Name": "Organic Blond Sugar", "Size": "1 kg", "Size Label": "ea"}, {"Category": "Baking Essentials", "Aisle": "Pantry", "Sku": "20381421001_EA", "Regular Price": "None", "Sale Price": "14.99", "Image": "https://assets.shop.loblaws.ca/products/20381421001/b1/en/front/20381421001_front_a01_@2.png", "Brand": "PC Black Label", "Url": "https://www.maxi.ca/madagascar-bourbon-pure-vanilla-extract/p/20381421001_EA", "Sub Category": null, "English Name": "Madagascar Bourbon Pure Vanilla Extract", "Size": "120 ml", "Size Label": "ea"}, {"Category": "Baking Essentials", "Aisle": "Pantry", "Sku": "21335389_EA", "Regular Price": "None", "Sale Price": "4.00", "Image": "https://assets.shop.loblaws.ca/products/21335389/b1/en/front/21335389_front_a01_@2.png", "Brand": "Snack and Bec", "Url": "https://www.maxi.ca/instant-dry-yeast/p/21335389_EA", "Sub Category": null, "English Name": "Instant Dry Yeast", "Size": "100 g", "Size Label": "ea"}, {"Category": "Baking Essentials", "Aisle": "Pantry", "Sku": "20303261_EA", "Regular Price": "None", "Sale Price": "3.99", "Image": "https://assets.shop.loblaws.ca/products/20303261/b1/en/front/20303261_front_a01_@2.png", "Brand": "President's Choice", "Url": "https://www.maxi.ca/the-decadent-white-chocolate-chips/p/20303261_EA", "Sub Category": null, "English Name": "The Decadent White Chocolate Chips", "Size": "226 g", "Size Label": "ea"}, {"Category": "Baking Essentials", "Aisle": "Pantry", "Sku": "20315322001_EA", "Regular Price": "None", "Sale Price": "6.49", "Image": "https://assets.shop.loblaws.ca/products/20315322001/b1/en/front/20315322001_front_a01_@2.png", "Brand": "No Name", "Url": "https://www.maxi.ca/large-marshmallows-club-size/p/20315322001_EA", "Sub Category": null, "English Name": "Large Marshmallows, Club Size", "Size": "1 kg", "Size Label": "ea"}, {"Category": "Baking Essentials", "Aisle": "Pantry", "Sku": "20095028_EA", "Regular Price": "None", "Sale Price": "4.29", "Image": "https://assets.shop.loblaws.ca/products/20095028/b1/en/front/20095028_front_a01_@2.png", "Brand": "Knox", "Url": "https://www.maxi.ca/gelatine-original/p/20095028_EA", "Sub Category": null, "English Name": "Gelatine, Original", "Size": "28 g", "Size Label": "ea"}, {"Category": "Baking Essentials", "Aisle": "Pantry", "Sku": "20034874_EA", "Regular Price": "None", "Sale Price": "4.99", "Image": "https://assets.shop.loblaws.ca/products/20034874/b1/en/front/20034874_front_a01_@2.png", "Brand": "Dream Whip", "Url": "https://www.maxi.ca/whipped-topping-mix/p/20034874_EA", "Sub Category": null, "English Name": "Whipped Topping Mix", "Size": "170 g", "Size Label": "ea"}, {"Category": "Baking Essentials", "Aisle": "Pantry", "Sku": "20077565_EA", "Regular Price": "None", "Sale Price": "4.79", "Image": "https://assets.shop.loblaws.ca/products/20077565/b1/en/front/20077565_front_a01_@2.png", "Brand": "Lantic", "Url": "https://www.maxi.ca/brilliant-yellow-sugar/p/20077565_EA", "Sub Category": null, "English Name": "Brilliant Yellow Sugar", "Size": "2 kg", "Size Label": "ea"}, {"Category": "Baking Essentials", "Aisle": "Pantry", "Sku": "21334830_EA", "Regular Price": "None", "Sale Price": "3.99", "Image": "https://assets.shop.loblaws.ca/products/21334830/b1/en/front/21334830_front_a01_@2.png", "Brand": "President's Choice", "Url": "https://www.maxi.ca/plant-based-chocolate-chips-semi-sweet/p/21334830_EA", "Sub Category": null, "English Name": "Plant Based Chocolate Chips Semi-Sweet", "Size": "300 g", "Size Label": "ea"}, {"Category": "Baking Essentials", "Aisle": "Pantry", "Sku": "20167295_EA", "Regular Price": "None", "Sale Price": "8.99", "Image": "https://assets.shop.loblaws.ca/products/20167295/b1/en/front/20167295_front_a01_@2.png", "Brand": "Fleischmanns", "Url": "https://www.maxi.ca/bakery-format-quick-rise-yeast-club-pack/p/20167295_EA", "Sub Category": null, "English Name": "Bakery Format Quick Rise Yeast Club Pack", "Size": "450 g", "Size Label": "ea"}, {"Category": "Baking Essentials", "Aisle": "Pantry", "Sku": "20430176_EA", "Regular Price": "None", "Sale Price": "3.49", "Image": "https://assets.shop.loblaws.ca/products/20430176/b1/en/front/20430176_front_a01_@2.png", "Brand": "No Name", "Url": "https://www.maxi.ca/artificial-vanilla-extract/p/20430176_EA", "Sub Category": null, "English Name": "Artificial Vanilla Extract", "Size": "125 ml", "Size Label": "ea"}, {"Category": "Baking Essentials", "Aisle": "Pantry", "Sku": "20426035_EA", "Regular Price": "None", "Sale Price": "8.49", "Image": "https://assets.shop.loblaws.ca/products/20426035/b1/en/front/20426035_front_a01_@2.png", "Brand": "No Name", "Url": "https://www.maxi.ca/walnut-pieces/p/20426035_EA", "Sub Category": null, "English Name": "Walnut Pieces", "Size": "400 g", "Size Label": "ea"}, {"Category": "Baking Essentials", "Aisle": "Pantry", "Sku": "20301064005_EA", "Regular Price": "None", "Sale Price": "5.99", "Image": "https://assets.shop.loblaws.ca/products/20301064005/b1/en/front/20301064005_front_a01_@2.png", "Brand": "Quaker", "Url": "https://www.maxi.ca/oatmeal-muffin-mix/p/20301064005_EA", "Sub Category": null, "English Name": "Oatmeal Muffin Mix", "Size": "900 g", "Size Label": "ea"}, {"Category": "Baking Essentials", "Aisle": "Pantry", "Sku": "20039497004_EA", "Regular Price": "None", "Sale Price": "5.99", "Image": "https://assets.shop.loblaws.ca/products/20039497004/b1/en/front/20039497004_front_a01_@2.png", "Brand": "Robin Hood", "Url": "https://www.maxi.ca/best-for-blending-flour/p/20039497004_EA", "Sub Category": null, "English Name": "Best for Blending Flour", "Size": "2.5 kg", "Size Label": "ea"}, {"Category": "Baking Essentials", "Aisle": "Pantry", "Sku": "20300739002_EA", "Regular Price": "None", "Sale Price": "1.29", "Image": "https://assets.shop.loblaws.ca/products/20300739002/b1/en/front/20300739002_front_a01_@2.png", "Brand": "Jell-O", "Url": "https://www.maxi.ca/strawberry-jelly-powder-light-gelatin-mix/p/20300739002_EA", "Sub Category": null, "English Name": "Strawberry Jelly Powder Light, Gelatin Mix", "Size": "10.1 g", "Size Label": "ea"}, {"Category": "Baking Essentials", "Aisle": "Pantry", "Sku": "20039497003_EA", "Regular Price": "None", "Sale Price": "5.99", "Image": "https://assets.shop.loblaws.ca/products/20039497003/b1/en/front/20039497003_front_a01_@2.png", "Brand": "Robin Hood", "Url": "https://www.maxi.ca/whole-wheat-all-purpose-flour/p/20039497003_EA", "Sub Category": null, "English Name": "Whole Wheat All Purpose Flour", "Size": "2.5 kg", "Size Label": "ea"}, {"Category": "Baking Essentials", "Aisle": "Pantry", "Sku": "20795864_EA", "Regular Price": "None", "Sale Price": "3.99", "Image": "https://assets.shop.loblaws.ca/products/20795864/b1/en/front/20795864_front_a01_@2.png", "Brand": "Rogers", "Url": "https://www.maxi.ca/plantation-raw-brown-sugar-cubes/p/20795864_EA", "Sub Category": null, "English Name": "Plantation Raw Brown Sugar Cubes", "Size": "500 g", "Size Label": "ea"}, {"Category": "Baking Essentials", "Aisle": "Pantry", "Sku": "20127455001_EA", "Regular Price": "None", "Sale Price": "3.49", "Image": "https://assets.shop.loblaws.ca/products/20127455001/b1/en/front/20127455001_front_a01_@2.png", "Brand": "No Name", "Url": "https://www.maxi.ca/sliced-blanched-almonds/p/20127455001_EA", "Sub Category": null, "English Name": "Sliced Blanched Almonds ", "Size": "100 g", "Size Label": "ea"}, {"Category": "Baking Essentials", "Aisle": "Pantry", "Sku": "20304150001_EA", "Regular Price": "None", "Sale Price": "1.39", "Image": "https://assets.shop.loblaws.ca/products/20304150001/b1/en/front/20304150001_front_a01_@2.png", "Brand": "Jell-O", "Url": "https://www.maxi.ca/fat-free-chocolate-instant-pudding-mix/p/20304150001_EA", "Sub Category": null, "English Name": "Fat Free Chocolate Instant Pudding Mix", "Size": "40 g", "Size Label": "ea"}, {"Category": "Baking Essentials", "Aisle": "Pantry", "Sku": "20426171_EA", "Regular Price": "None", "Sale Price": "18.99", "Image": "https://assets.shop.loblaws.ca/products/20426171/b1/en/front/20426171_front_a01_@2.png", "Brand": "No Name", "Url": "https://www.maxi.ca/walnut-halves-club-size/p/20426171_EA", "Sub Category": null, "English Name": "Walnut Halves Club Size", "Size": "1 kg", "Size Label": "ea"}, {"Category": "Baking Essentials", "Aisle": "Pantry", "Sku": "20127455002_EA", "Regular Price": "None", "Sale Price": "3.00", "Image": "https://assets.shop.loblaws.ca/products/20127455002/b1/en/front/20127455002_front_a01_@2.png", "Brand": "No Name", "Url": "https://www.maxi.ca/slivered-almonds/p/20127455002_EA", "Sub Category": null, "English Name": "Slivered Almonds ", "Size": "100 g", "Size Label": "ea"}, {"Category": "Baking Essentials", "Aisle": "Pantry", "Sku": "20671420_EA", "Regular Price": "None", "Sale Price": "9.49", "Image": "https://assets.shop.loblaws.ca/products/20671420/b1/en/front/20671420_front_a01_@2.png", "Brand": "Truvia", "Url": "https://www.maxi.ca/calorie-free-sweetener-from-the-stevia-leaf-spoona/p/20671420_EA", "Sub Category": null, "English Name": "Calorie-Free Sweetener from the Stevia Leaf Spoonable Jar", "Size": "270 g", "Size Label": "ea"}, {"Category": "Baking Essentials", "Aisle": "Pantry", "Sku": "20647402_EA", "Regular Price": "None", "Sale Price": "9.99", "Image": "https://assets.shop.loblaws.ca/products/20647402/b1/en/front/20647402_front_a01_@2.png", "Brand": "No Name", "Url": "https://www.maxi.ca/dried-apricots/p/20647402_EA", "Sub Category": null, "English Name": "Dried Apricots ", "Size": "500 g", "Size Label": "ea"}, {"Category": "Baking Essentials", "Aisle": "Pantry", "Sku": "20955536_EA", "Regular Price": "None", "Sale Price": "7.99", "Image": "https://assets.shop.loblaws.ca/products/20955536/b1/en/front/20955536_front_a01_@2.png", "Brand": "Robin Hood", "Url": "https://www.maxi.ca/gluten-free-all-purpose-flour-blend/p/20955536_EA", "Sub Category": null, "English Name": "Gluten Free All Purpose Flour Blend", "Size": "907 g", "Size Label": "ea"}, {"Category": "Baking Essentials", "Aisle": "Pantry", "Sku": "20061848_EA", "Regular Price": "None", "Sale Price": "8.99", "Image": "https://assets.shop.loblaws.ca/products/20061848/b1/en/front/20061848_front_a01_@2.png", "Brand": "Club House", "Url": "https://www.maxi.ca/pure-vanilla/p/20061848_EA", "Sub Category": null, "English Name": "Pure Vanilla", "Size": "46 ml", "Size Label": "ea"}, {"Category": "Baking Essentials", "Aisle": "Pantry", "Sku": "20106104_EA", "Regular Price": "None", "Sale Price": "6.99", "Image": "https://assets.shop.loblaws.ca/products/20106104/b1/en/front/20106104_front_a01_@2.png", "Brand": "Brodie", "Url": "https://www.maxi.ca/cake-pastry-self-raising-flour/p/20106104_EA", "Sub Category": null, "English Name": "Cake & Pastry Self-Raising Flour", "Size": "2.5 kg", "Size Label": "ea"}, {"Category": "Baking Essentials", "Aisle": "Pantry", "Sku": "20299240001_EA", "Regular Price": "None", "Sale Price": "2.79", "Image": "https://assets.shop.loblaws.ca/products/20299240001/b1/en/front/20299240001_front_a01_@2.png", "Brand": "Cake Mate", "Url": "https://www.maxi.ca/sprinkles-rainbow-round/p/20299240001_EA", "Sub Category": null, "English Name": "Sprinkles, Rainbow Round", "Size": "113 g", "Size Label": "ea"}, {"Category": "Baking Essentials", "Aisle": "Pantry", "Sku": "20974847_EA", "Regular Price": "None", "Sale Price": "10.99", "Image": "https://assets.shop.loblaws.ca/products/20974847/b1/en/front/20974847_front_a01_@2.png", "Brand": "Splenda", "Url": "https://www.maxi.ca/no-calorie-single-serve-sweetener-packets/p/20974847_EA", "Sub Category": null, "English Name": "No Calorie Single-Serve Sweetener Packets", "Size": "200 g", "Size Label": "ea"}, {"Category": "Baking Essentials", "Aisle": "Pantry", "Sku": "20300784001_EA", "Regular Price": "None", "Sale Price": "2.79", "Image": "https://assets.shop.loblaws.ca/products/20300784001/b1/en/front/20300784001_front_a01_@2.png", "Brand": "Ocean Spray", "Url": "https://www.maxi.ca/craisins-sweetened-dried-cranberries/p/20300784001_EA", "Sub Category": null, "English Name": "Craisins Sweetened Dried Cranberries ", "Size": "170 g", "Size Label": "ea"}, {"Category": "Baking Essentials", "Aisle": "Pantry", "Sku": "20323233_EA", "Regular Price": "None", "Sale Price": "3.00", "Image": "https://assets.shop.loblaws.ca/products/20323233/b1/en/front/20323233_front_a01_@2.png", "Brand": "No Name", "Url": "https://www.maxi.ca/honey-graham-crumbs/p/20323233_EA", "Sub Category": null, "English Name": "Honey Graham Crumbs", "Size": "400 g", "Size Label": "ea"}, {"Category": "Baking Essentials", "Aisle": "Pantry", "Sku": "20381785_EA", "Regular Price": "None", "Sale Price": "9.99", "Image": "https://assets.shop.loblaws.ca/products/20381785/b1/en/front/20381785_front_a01_@2.png", "Brand": "PC Black Label", "Url": "https://www.maxi.ca/madagascar-bourbon-vanilla-beans/p/20381785_EA", "Sub Category": null, "English Name": "Madagascar Bourbon Vanilla Beans", "Size": "2 ea", "Size Label": "ea"}, {"Category": "Baking Essentials", "Aisle": "Pantry", "Sku": "20049557_EA", "Regular Price": "None", "Sale Price": "9.99", "Image": "https://assets.shop.loblaws.ca/products/20049557/b1/en/front/20049557_front_a01_@2.png", "Brand": "Ocean Spray", "Url": "https://www.maxi.ca/craisins-sweetened-dried-cranberries/p/20049557_EA", "Sub Category": null, "English Name": "Craisins Sweetened Dried Cranberries ", "Size": "1.36 kg", "Size Label": "ea"}, {"Category": "Baking Essentials", "Aisle": "Pantry", "Sku": "20042594001_EA", "Regular Price": "None", "Sale Price": "12.99", "Image": "https://assets.shop.loblaws.ca/products/20042594001/b1/en/front/20042594001_front_a01_@2.png", "Brand": "Five Roses", "Url": "https://www.maxi.ca/white-all-purpose-flour/p/20042594001_EA", "Sub Category": null, "English Name": "White All Purpose Flour", "Size": "5 kg", "Size Label": "ea"}, {"Category": "Baking Essentials", "Aisle": "Pantry", "Sku": "20218584_EA", "Regular Price": "None", "Sale Price": "11.49", "Image": "https://assets.shop.loblaws.ca/products/20218584/b1/en/front/20218584_front_a01_@2.png", "Brand": "President's Choice", "Url": "https://www.maxi.ca/seedless-thompson-dried-raisins/p/20218584_EA", "Sub Category": null, "English Name": "Seedless Thompson Dried Raisins ", "Size": "1.36 kg", "Size Label": "ea"}, {"Category": "Baking Essentials", "Aisle": "Pantry", "Sku": "20657367_EA", "Regular Price": "None", "Sale Price": "18.99", "Image": "https://assets.shop.loblaws.ca/products/20657367/b1/en/front/20657367_front_a01_@2.png", "Brand": "Brar's", "Url": "https://www.maxi.ca/desi-style-durum-flour/p/20657367_EA", "Sub Category": null, "English Name": "Desi Style Durum Flour", "Size": "9.07 kg", "Size Label": "ea"}, {"Category": "Baking Essentials", "Aisle": "Pantry", "Sku": "21008975_EA", "Regular Price": "None", "Sale Price": "3.49", "Image": "https://assets.shop.loblaws.ca/products/21008975/b1/en/front/21008975_front_a01_@2.png", "Brand": "President's Choice", "Url": "https://www.maxi.ca/maple-flavour-marshmallows/p/21008975_EA", "Sub Category": null, "English Name": "Maple Flavour Marshmallows", "Size": "400 g", "Size Label": "ea"}, {"Category": "Baking Essentials", "Aisle": "Pantry", "Sku": "20562641002_EA", "Regular Price": "None", "Sale Price": "2.49", "Image": "https://assets.shop.loblaws.ca/products/20562641002/b1/en/front/20562641002_front_a01_@2.png", "Brand": "Betty Crocker", "Url": "https://www.maxi.ca/creamy-deluxe-frosting-chocolate/p/20562641002_EA", "Sub Category": null, "English Name": "Creamy Deluxe Frosting, Chocolate", "Size": "450 g", "Size Label": "ea"}, {"Category": "Baking Essentials", "Aisle": "Pantry", "Sku": "20302875_EA", "Regular Price": "None", "Sale Price": "3.99", "Image": "https://assets.shop.loblaws.ca/products/20302875/b1/en/front/20302875_front_a01_@2.png", "Brand": "No Name", "Url": "https://www.maxi.ca/sweetened-shredded-coconut/p/20302875_EA", "Sub Category": null, "English Name": "Sweetened Shredded Coconut", "Size": "400 g", "Size Label": "ea"}, {"Category": "Canned & Pickled ", "Aisle": "Pantry", "Sku": "20176214001_EA", "Regular Price": "None", "Sale Price": "1.59", "Image": "https://assets.shop.loblaws.ca/products/20176214001/b1/en/front/20176214001_front_a01_@2.png", "Brand": "Campbell's", "Url": "https://www.maxi.ca/condensed-soup-tomato/p/20176214001_EA", "Sub Category": null, "English Name": "Condensed Soup Tomato", "Size": "284 ml", "Size Label": "ea"}, {"Category": "Canned & Pickled ", "Aisle": "Pantry", "Sku": "20176214004_EA", "Regular Price": "None", "Sale Price": "1.59", "Image": "https://assets.shop.loblaws.ca/products/20176214004/b1/en/front/20176214004_front_a01_@2.png", "Brand": "Campbell's", "Url": "https://www.maxi.ca/cream-of-mushroom-condensed-soup/p/20176214004_EA", "Sub Category": null, "English Name": "Cream of Mushroom Condensed Soup", "Size": "284 ml", "Size Label": "ea"}, {"Category": "Canned & Pickled ", "Aisle": "Pantry", "Sku": "21021485_EA", "Regular Price": "None", "Sale Price": "2.19", "Image": "https://assets.shop.loblaws.ca/products/21021485/b1/en/front/21021485_front_a01_@2.png", "Brand": "Green Giant", "Url": "https://www.maxi.ca/peaches-cream-corn/p/21021485_EA", "Sub Category": null, "English Name": "Peaches & Cream Corn", "Size": "341 ml", "Size Label": "ea"}, {"Category": "Canned & Pickled ", "Aisle": "Pantry", "Sku": "20314629001_EA", "Regular Price": "None", "Sale Price": "2.49", "Image": "https://assets.shop.loblaws.ca/products/20314629001/b1/en/front/20314629001_front_a01_@2.png", "Brand": "Unico", "Url": "https://www.maxi.ca/diced-tomatoes/p/20314629001_EA", "Sub Category": null, "English Name": "Diced Tomatoes", "Size": "796 ml", "Size Label": "ea"}, {"Category": "Canned & Pickled ", "Aisle": "Pantry", "Sku": "20176214003_EA", "Regular Price": "None", "Sale Price": "1.59", "Image": "https://assets.shop.loblaws.ca/products/20176214003/b1/en/front/20176214003_front_a01_@2.png", "Brand": "Campbell's", "Url": "https://www.maxi.ca/condensed-soup-chicken-noodle/p/20176214003_EA", "Sub Category": null, "English Name": "Condensed Soup Chicken Noodle", "Size": "284 ml", "Size Label": "ea"}, {"Category": "Canned & Pickled ", "Aisle": "Pantry", "Sku": "20325921005_EA", "Regular Price": "1.49", "Sale Price": "1.39", "Image": "https://assets.shop.loblaws.ca/products/20325921005/b1/en/front/20325921005_front_a01_@2.png", "Brand": "No Name", "Url": "https://www.maxi.ca/black-beans/p/20325921005_EA", "Sub Category": null, "English Name": "Black Beans", "Size": "540 ml", "Size Label": "ea"}, {"Category": "Canned & Pickled ", "Aisle": "Pantry", "Sku": "21189610_EA", "Regular Price": "None", "Sale Price": "1.69", "Image": "https://assets.shop.loblaws.ca/products/21189610/b1/en/front/21189610_front_a01_@2.png", "Brand": "No Name", "Url": "https://www.maxi.ca/reduced-sodium-chicken-broth/p/21189610_EA", "Sub Category": null, "English Name": "Reduced Sodium Chicken Broth", "Size": "900 ml", "Size Label": "ea"}, {"Category": "Canned & Pickled ", "Aisle": "Pantry", "Sku": "20600787_EA", "Regular Price": "None", "Sale Price": "1.89", "Image": "https://assets.shop.loblaws.ca/products/20600787/b1/en/front/20600787_front_a01_@2.png", "Brand": "No Name", "Url": "https://www.maxi.ca/diced-tomatoes/p/20600787_EA", "Sub Category": null, "English Name": "Diced Tomatoes", "Size": "796 ml", "Size Label": "ea"}, {"Category": "Canned & Pickled ", "Aisle": "Pantry", "Sku": "20313447001_EA", "Regular Price": "None", "Sale Price": "1.99", "Image": "https://assets.shop.loblaws.ca/products/20313447001/b1/en/front/20313447001_front_a01_@2.png", "Brand": "Unico", "Url": "https://www.maxi.ca/red-kidney-beans/p/20313447001_EA", "Sub Category": null, "English Name": "Red Kidney Beans", "Size": "540 ml", "Size Label": "ea"}, {"Category": "Canned & Pickled ", "Aisle": "Pantry", "Sku": "20554593_EA", "Regular Price": "1.49", "Sale Price": "1.39", "Image": "https://assets.shop.loblaws.ca/products/20554593/b1/en/front/20554593_front_a01_@2.png", "Brand": "No Name", "Url": "https://www.maxi.ca/dark-red-kidney-beans/p/20554593_EA", "Sub Category": null, "English Name": "Dark Red Kidney Beans", "Size": "540 ml", "Size Label": "ea"}, {"Category": "Canned & Pickled ", "Aisle": "Pantry", "Sku": "21189611_EA", "Regular Price": "None", "Sale Price": "1.69", "Image": "https://assets.shop.loblaws.ca/products/21189611/b1/en/front/21189611_front_a01_@2.png", "Brand": "No Name", "Url": "https://www.maxi.ca/chicken-broth/p/21189611_EA", "Sub Category": null, "English Name": "Chicken Broth", "Size": "900 ml", "Size Label": "ea"}, {"Category": "Canned & Pickled ", "Aisle": "Pantry", "Sku": "21021224_EA", "Regular Price": "None", "Sale Price": "2.19", "Image": "https://assets.shop.loblaws.ca/products/21021224/b1/en/front/21021224_front_a01_@2.png", "Brand": "Green Giant", "Url": "https://www.maxi.ca/corn-niblets-whole-kernel/p/21021224_EA", "Sub Category": null, "English Name": "Corn Niblets, Whole Kernel", "Size": "341 ml", "Size Label": "ea"}, {"Category": "Canned & Pickled ", "Aisle": "Pantry", "Sku": "20325921001_EA", "Regular Price": "1.49", "Sale Price": "1.39", "Image": "https://assets.shop.loblaws.ca/products/20325921001/b1/en/front/20325921001_front_a01_@2.png", "Brand": "No Name", "Url": "https://www.maxi.ca/chickpeas/p/20325921001_EA", "Sub Category": null, "English Name": "Chickpeas", "Size": "540 ml", "Size Label": "ea"}, {"Category": "Canned & Pickled ", "Aisle": "Pantry", "Sku": "21021222_EA", "Regular Price": "None", "Sale Price": "2.19", "Image": "https://assets.shop.loblaws.ca/products/21021222/b1/en/front/21021222_front_a01_@2.png", "Brand": "Green Giant", "Url": "https://www.maxi.ca/creamy-style-sweet-corn/p/21021222_EA", "Sub Category": null, "English Name": "Creamy Style Sweet Corn", "Size": "398 ml", "Size Label": "ea"}, {"Category": "Canned & Pickled ", "Aisle": "Pantry", "Sku": "20313447002_EA", "Regular Price": "None", "Sale Price": "1.99", "Image": "https://assets.shop.loblaws.ca/products/20313447002/b1/en/front/20313447002_front_a01_@2.png", "Brand": "Unico", "Url": "https://www.maxi.ca/chick-peas/p/20313447002_EA", "Sub Category": null, "English Name": "Chick Peas", "Size": "540 ml", "Size Label": "ea"}, {"Category": "Canned & Pickled ", "Aisle": "Pantry", "Sku": "20322348002_EA", "Regular Price": "None", "Sale Price": "2.79", "Image": "https://assets.shop.loblaws.ca/products/20322348002/b1/en/front/20322348002_front_a01_@2.png", "Brand": "Campbell's", "Url": "https://www.maxi.ca/chicken-broth/p/20322348002_EA", "Sub Category": null, "English Name": "Chicken Broth", "Size": "900 ml", "Size Label": "ea"}, {"Category": "Canned & Pickled ", "Aisle": "Pantry", "Sku": "20521648_EA", "Regular Price": "1.49", "Sale Price": "1.29", "Image": "https://assets.shop.loblaws.ca/products/20521648/b1/en/front/20521648_front_a01_@2.png", "Brand": "No Name", "Url": "https://www.maxi.ca/flaked-light-tuna/p/20521648_EA", "Sub Category": null, "English Name": "Flaked Light Tuna", "Size": "170 g", "Size Label": "ea"}, {"Category": "Canned & Pickled ", "Aisle": "Pantry", "Sku": "20299211_EA", "Regular Price": "1.25", "Sale Price": "1.00", "Image": "https://assets.shop.loblaws.ca/products/20299211/b1/en/front/20299211_front_a01_@2.png", "Brand": "No Name", "Url": "https://www.maxi.ca/sliced-mushrooms/p/20299211_EA", "Sub Category": null, "English Name": "Sliced Mushrooms", "Size": "284 ml", "Size Label": "ea"}, {"Category": "Canned & Pickled ", "Aisle": "Pantry", "Sku": "20313447006_EA", "Regular Price": "None", "Sale Price": "1.99", "Image": "https://assets.shop.loblaws.ca/products/20313447006/b1/en/front/20313447006_front_a01_@2.png", "Brand": "Unico", "Url": "https://www.maxi.ca/black-beans/p/20313447006_EA", "Sub Category": null, "English Name": "Black Beans", "Size": "540 ml", "Size Label": "ea"}, {"Category": "Canned & Pickled ", "Aisle": "Pantry", "Sku": "20326215005_EA", "Regular Price": "None", "Sale Price": "1.89", "Image": "https://assets.shop.loblaws.ca/products/20326215005/b1/en/front/20326215005_front_a01_@2.png", "Brand": "No Name", "Url": "https://www.maxi.ca/diced-tomatoes-with-herbs-and-spices/p/20326215005_EA", "Sub Category": null, "English Name": "Diced Tomatoes with Herbs and Spices", "Size": "796 ml", "Size Label": "ea"}, {"Category": "Canned & Pickled ", "Aisle": "Pantry", "Sku": "20521647_EA", "Regular Price": "1.49", "Sale Price": "1.29", "Image": "https://assets.shop.loblaws.ca/products/20521647/b1/en/front/20521647_front_a01_@2.png", "Brand": "No Name", "Url": "https://www.maxi.ca/chunk-light-tuna/p/20521647_EA", "Sub Category": null, "English Name": "Chunk Light Tuna", "Size": "170 g", "Size Label": "ea"}, {"Category": "Canned & Pickled ", "Aisle": "Pantry", "Sku": "20322348001_EA", "Regular Price": "None", "Sale Price": "2.79", "Image": "https://assets.shop.loblaws.ca/products/20322348001/b1/en/front/20322348001_front_a01_@2.png", "Brand": "Campbell's", "Url": "https://www.maxi.ca/30-less-sodium-chicken-broth/p/20322348001_EA", "Sub Category": null, "English Name": "30% Less Sodium Chicken Broth", "Size": "900 ml", "Size Label": "ea"}, {"Category": "Canned & Pickled ", "Aisle": "Pantry", "Sku": "20314629006_EA", "Regular Price": "None", "Sale Price": "2.49", "Image": "https://assets.shop.loblaws.ca/products/20314629006/b1/en/front/20314629006_front_a01_@2.png", "Brand": "Unico", "Url": "https://www.maxi.ca/diced-tomatoes-herbs-spices/p/20314629006_EA", "Sub Category": null, "English Name": "Diced Tomatoes, Herbs & Spices", "Size": "796 ml", "Size Label": "ea"}, {"Category": "Canned & Pickled ", "Aisle": "Pantry", "Sku": "20314629005_EA", "Regular Price": "None", "Sale Price": "2.49", "Image": "https://assets.shop.loblaws.ca/products/20314629005/b1/en/front/20314629005_front_a01_@2.png", "Brand": "Unico", "Url": "https://www.maxi.ca/crushed-tomatoes/p/20314629005_EA", "Sub Category": null, "English Name": "Crushed Tomatoes", "Size": "796 ml", "Size Label": "ea"}, {"Category": "Canned & Pickled ", "Aisle": "Pantry", "Sku": "20303822_EA", "Regular Price": "None", "Sale Price": "1.25", "Image": "https://assets.shop.loblaws.ca/products/20303822/b1/en/front/20303822_front_a01_@2.png", "Brand": "No Name", "Url": "https://www.maxi.ca/whole-kernel-crisp-corn/p/20303822_EA", "Sub Category": null, "English Name": "Whole Kernel Crisp Corn", "Size": "341 ml", "Size Label": "ea"}, {"Category": "Canned & Pickled ", "Aisle": "Pantry", "Sku": "20601345_EA", "Regular Price": "None", "Sale Price": "1.89", "Image": "https://assets.shop.loblaws.ca/products/20601345/b1/en/front/20601345_front_a01_@2.png", "Brand": "No Name", "Url": "https://www.maxi.ca/crushed-tomatoes/p/20601345_EA", "Sub Category": null, "English Name": "Crushed Tomatoes", "Size": "796 ml", "Size Label": "ea"}, {"Category": "Canned & Pickled ", "Aisle": "Pantry", "Sku": "21189607_EA", "Regular Price": "None", "Sale Price": "1.69", "Image": "https://assets.shop.loblaws.ca/products/21189607/b1/en/front/21189607_front_a01_@2.png", "Brand": "No Name", "Url": "https://www.maxi.ca/beef-broth/p/21189607_EA", "Sub Category": null, "English Name": "Beef Broth", "Size": "900 ml", "Size Label": "ea"}, {"Category": "Canned & Pickled ", "Aisle": "Pantry", "Sku": "20322348006_EA", "Regular Price": "None", "Sale Price": "2.79", "Image": "https://assets.shop.loblaws.ca/products/20322348006/b1/en/front/20322348006_front_a01_@2.png", "Brand": "Campbell's", "Url": "https://www.maxi.ca/no-salt-added-chicken-broth/p/20322348006_EA", "Sub Category": null, "English Name": "No Salt Added Chicken Broth", "Size": "900 ml", "Size Label": "ea"}, {"Category": "Canned & Pickled ", "Aisle": "Pantry", "Sku": "21314811_EA", "Regular Price": "None", "Sale Price": "5.99", "Image": "https://assets.shop.loblaws.ca/products/21314811/b1/en/front/21314811_front_a01_@2.png", "Brand": "Clover Leaf", "Url": "https://www.maxi.ca/sockeye-salmon/p/21314811_EA", "Sub Category": null, "English Name": "Sockeye Salmon     ", "Size": "213 g", "Size Label": "ea"}, {"Category": "Canned & Pickled ", "Aisle": "Pantry", "Sku": "20305292_EA", "Regular Price": "None", "Sale Price": "1.25", "Image": "https://assets.shop.loblaws.ca/products/20305292/b1/en/front/20305292_front_a01_@2.png", "Brand": "No Name", "Url": "https://www.maxi.ca/cream-style-corn/p/20305292_EA", "Sub Category": null, "English Name": "Cream-Style Corn", "Size": "398 ml", "Size Label": "ea"}, {"Category": "Canned & Pickled ", "Aisle": "Pantry", "Sku": "20322348003_EA", "Regular Price": "None", "Sale Price": "2.79", "Image": "https://assets.shop.loblaws.ca/products/20322348003/b1/en/front/20322348003_front_a01_@2.png", "Brand": "Campbell's", "Url": "https://www.maxi.ca/beef-broth/p/20322348003_EA", "Sub Category": null, "English Name": "Beef Broth", "Size": "900 ml", "Size Label": "ea"}, {"Category": "Canned & Pickled ", "Aisle": "Pantry", "Sku": "20040380003_EA", "Regular Price": "None", "Sale Price": "1.99", "Image": "https://assets.shop.loblaws.ca/products/20040380003/b1/en/front/20040380003_front_a01_@2.png", "Brand": "Heinz", "Url": "https://www.maxi.ca/alphaghetti/p/20040380003_EA", "Sub Category": null, "English Name": "Alphaghetti", "Size": "398 ml", "Size Label": "ea"}, {"Category": "Canned & Pickled ", "Aisle": "Pantry", "Sku": "20318942_EA", "Regular Price": "None", "Sale Price": "1.79", "Image": "https://assets.shop.loblaws.ca/products/20318942/b1/en/front/20318942_front_a01_@2.png", "Brand": "PC Blue Menu", "Url": "https://www.maxi.ca/chickpeas/p/20318942_EA", "Sub Category": null, "English Name": "Chickpeas", "Size": "540 ml", "Size Label": "ea"}, {"Category": "Canned & Pickled ", "Aisle": "Pantry", "Sku": "21379698_EA", "Regular Price": "None", "Sale Price": "3.00", "Image": "https://assets.shop.loblaws.ca/products/21379698/b1/en/front/21379698_front_a01_@2.png", "Brand": "No Name", "Url": "https://www.maxi.ca/unsweetened-apple-sauce/p/21379698_EA", "Sub Category": null, "English Name": "Unsweetened Apple Sauce", "Size": "620 ml", "Size Label": "ea"}, {"Category": "Canned & Pickled ", "Aisle": "Pantry", "Sku": "20573583_EA", "Regular Price": "None", "Sale Price": "1.99", "Image": "https://assets.shop.loblaws.ca/products/20573583/b1/en/front/20573583_front_a01_@2.png", "Brand": "Clover Leaf", "Url": "https://www.maxi.ca/flaked-light-tuna-skip-jack-in-water/p/20573583_EA", "Sub Category": null, "English Name": "Flaked Light Tuna, Skip Jack In Water", "Size": "170 g", "Size Label": "ea"}, {"Category": "Canned & Pickled ", "Aisle": "Pantry", "Sku": "21189609_EA", "Regular Price": "None", "Sale Price": "1.69", "Image": "https://assets.shop.loblaws.ca/products/21189609/b1/en/front/21189609_front_a01_@2.png", "Brand": "No Name", "Url": "https://www.maxi.ca/vegetable-broth/p/21189609_EA", "Sub Category": null, "English Name": "Vegetable Broth", "Size": "900 ml", "Size Label": "ea"}, {"Category": "Canned & Pickled ", "Aisle": "Pantry", "Sku": "21189608_EA", "Regular Price": "None", "Sale Price": "1.69", "Image": "https://assets.shop.loblaws.ca/products/21189608/b1/en/front/21189608_front_a01_@2.png", "Brand": "No Name", "Url": "https://www.maxi.ca/reduced-sodium-beef-broth/p/21189608_EA", "Sub Category": null, "English Name": "Reduced Sodium Beef Broth", "Size": "900 ml", "Size Label": "ea"}, {"Category": "Canned & Pickled ", "Aisle": "Pantry", "Sku": "21480447_EA", "Regular Price": "2.50", "Sale Price": "2.00", "Image": "https://assets.shop.loblaws.ca/products/21480447/b1/en/front/21480447_front_a01_@2.png", "Brand": "Campbell's", "Url": "https://www.maxi.ca/chunky-chicken-with-noodles/p/21480447_EA", "Sub Category": null, "English Name": "Chunky Chicken with Noodles ", "Size": "515 ml", "Size Label": "ea"}, {"Category": "Canned & Pickled ", "Aisle": "Pantry", "Sku": "20325649_EA", "Regular Price": "1.99", "Sale Price": "1.79", "Image": "https://assets.shop.loblaws.ca/products/20325649/b1/en/front/20325649_front_a01_@2.png", "Brand": "No Name", "Url": "https://www.maxi.ca/stuffed-manzanilla-olives-with-pimento-paste/p/20325649_EA", "Sub Category": null, "English Name": "Stuffed Manzanilla Olives With Pimento Paste", "Size": "375 ml", "Size Label": "ea"}, {"Category": "Canned & Pickled ", "Aisle": "Pantry", "Sku": "20297246002_EA", "Regular Price": "None", "Sale Price": "2.79", "Image": "https://assets.shop.loblaws.ca/products/20297246002/b1/en/front/20297246002_front_a01_@2.png", "Brand": "Campbell's", "Url": "https://www.maxi.ca/cream-of-chicken-soup/p/20297246002_EA", "Sub Category": null, "English Name": "Cream of Chicken Soup", "Size": "284 ml", "Size Label": "ea"}, {"Category": "Canned & Pickled ", "Aisle": "Pantry", "Sku": "20322348004_EA", "Regular Price": "None", "Sale Price": "2.79", "Image": "https://assets.shop.loblaws.ca/products/20322348004/b1/en/front/20322348004_front_a01_@2.png", "Brand": "Campbell's", "Url": "https://www.maxi.ca/30-less-sodium-beef-broth/p/20322348004_EA", "Sub Category": null, "English Name": "30% Less Sodium Beef Broth", "Size": "900 ml", "Size Label": "ea"}, {"Category": "Canned & Pickled ", "Aisle": "Pantry", "Sku": "20917566003_EA", "Regular Price": "None", "Sale Price": "1.99", "Image": "https://assets.shop.loblaws.ca/products/20917566003/b1/en/front/20917566003_front_a01_@2.png", "Brand": "Ocean's Halo", "Url": "https://www.maxi.ca/flaked-light-tuna-mayonnaise/p/20917566003_EA", "Sub Category": null, "English Name": "Flaked Light Tuna, Mayonnaise   ", "Size": "85 g", "Size Label": "ea"}, {"Category": "Canned & Pickled ", "Aisle": "Pantry", "Sku": "21214481_EA", "Regular Price": "None", "Sale Price": "1.29", "Image": "https://assets.shop.loblaws.ca/products/21214481/b1/en/front/21214481_front_a01_@2.png", "Brand": "Tamam", "Url": "https://www.maxi.ca/red-kidney-beans/p/21214481_EA", "Sub Category": null, "English Name": "Red Kidney Beans", "Size": "540 ml", "Size Label": "ea"}, {"Category": "Canned & Pickled ", "Aisle": "Pantry", "Sku": "20322242006_EA", "Regular Price": "None", "Sale Price": "2.19", "Image": "https://assets.shop.loblaws.ca/products/20322242006/b1/en/front/20322242006_front_a01_@2.png", "Brand": "Brunswick", "Url": "https://www.maxi.ca/sardines-hot-peppers/p/20322242006_EA", "Sub Category": null, "English Name": "Sardines, Hot Peppers", "Size": "106 g", "Size Label": "ea"}, {"Category": "Canned & Pickled ", "Aisle": "Pantry", "Sku": "20934514_EA", "Regular Price": "3.29", "Sale Price": "2.79", "Image": "https://assets.shop.loblaws.ca/products/20934514/b1/en/front/20934514_front_a01_@2.png", "Brand": "Mutti", "Url": "https://www.maxi.ca/finely-chopped-tomatoes/p/20934514_EA", "Sub Category": null, "English Name": "Finely Chopped Tomatoes    ", "Size": "400 g", "Size Label": "ea"}, {"Category": "Canned & Pickled ", "Aisle": "Pantry", "Sku": "21103533_EA", "Regular Price": "None", "Sale Price": "4.79", "Image": "https://assets.shop.loblaws.ca/products/21103533/b1/en/front/21103533_front_a01_@2.png", "Brand": "Unico", "Url": "https://www.maxi.ca/pepper-rings-pickled-hot/p/21103533_EA", "Sub Category": null, "English Name": "Pepper Rings Pickled Hot   ", "Size": "750 ml", "Size Label": "ea"}, {"Category": "Canned & Pickled ", "Aisle": "Pantry", "Sku": "20146102001_EA", "Regular Price": "None", "Sale Price": "2.29", "Image": "https://assets.shop.loblaws.ca/products/20146102001/b1/en/front/20146102001_front_a01_@2.png", "Brand": "Pastene", "Url": "https://www.maxi.ca/ready-spiced-diced-tomatoes/p/20146102001_EA", "Sub Category": null, "English Name": "Ready Spiced, Diced Tomatoes", "Size": "796 ml", "Size Label": "ea"}, {"Category": "Canned & Pickled ", "Aisle": "Pantry", "Sku": "20046189_EA", "Regular Price": "None", "Sale Price": "3.29", "Image": "https://assets.shop.loblaws.ca/products/20046189/b1/en/front/20046189_front_a01_@2.png", "Brand": "No Name", "Url": "https://www.maxi.ca/dill-pickles/p/20046189_EA", "Sub Category": null, "English Name": "Dill Pickles", "Size": "1 l", "Size Label": "ea"}, {"Category": "Canned & Pickled ", "Aisle": "Pantry", "Sku": "21207587_EA", "Regular Price": "None", "Sale Price": "2.69", "Image": "https://assets.shop.loblaws.ca/products/21207587/b1/en/front/21207587_front_a01_@2.png", "Brand": "Aylmer", "Url": "https://www.maxi.ca/accents-tomatoes-garlic-oil/p/21207587_EA", "Sub Category": null, "English Name": "Accents Tomatoes Garlic Oil", "Size": "540 ml", "Size Label": "ea"}, {"Category": "Canned & Pickled ", "Aisle": "Pantry", "Sku": "20306160009_EA", "Regular Price": "4.49", "Sale Price": "3.99", "Image": "https://assets.shop.loblaws.ca/products/20306160009/b1/en/front/20306160009_front_a01_@2.png", "Brand": "Del Monte", "Url": "https://www.maxi.ca/no-sugar-added-pear-halves/p/20306160009_EA", "Sub Category": null, "English Name": "No Sugar Added, Pear, Halves", "Size": "796 ml", "Size Label": "ea"}, {"Category": "Canned & Pickled ", "Aisle": "Pantry", "Sku": "21026470_EA", "Regular Price": "7.49", "Sale Price": "5.79", "Image": "https://assets.shop.loblaws.ca/products/21026470/b1/en/front/21026470_front_a01_@2.png", "Brand": "Rio Mare", "Url": "https://www.maxi.ca/solid-light-tuna-in-olive-oil-with-italian-chilli/p/21026470_EA", "Sub Category": null, "English Name": "Solid Light Tuna in Olive Oil with Italian Chilli", "Size": "3x80.0 g", "Size Label": "ea"}, {"Category": "Canned & Pickled ", "Aisle": "Pantry", "Sku": "20097482003_EA", "Regular Price": "None", "Sale Price": "1.29", "Image": "https://assets.shop.loblaws.ca/products/20097482003/b1/en/front/20097482003_front_a01_@2.png", "Brand": "No Name", "Url": "https://www.maxi.ca/citrus-pepper-flaked-light-tuna/p/20097482003_EA", "Sub Category": null, "English Name": "Citrus Pepper Flaked Light Tuna", "Size": "85 g", "Size Label": "ea"}, {"Category": "Canned & Pickled ", "Aisle": "Pantry", "Sku": "21006850_EA", "Regular Price": "None", "Sale Price": "2.29", "Image": "https://assets.shop.loblaws.ca/products/21006850/b1/en/front/21006850_front_a01_@2.png", "Brand": "Paris P\u00e2t\u00e9", "Url": "https://www.maxi.ca/liver-spread/p/21006850_EA", "Sub Category": null, "English Name": "Liver Spread", "Size": "78 g", "Size Label": "ea"}, {"Category": "Canned & Pickled ", "Aisle": "Pantry", "Sku": "20968255_EA", "Regular Price": "4.49", "Sale Price": "3.69", "Image": "https://assets.shop.loblaws.ca/products/20968255/b1/en/front/20968255_front_a01_@2.png", "Brand": "Spam", "Url": "https://www.maxi.ca/classic-fully-cooked-luncheon-meat/p/20968255_EA", "Sub Category": null, "English Name": "Classic Fully Cooked Luncheon Meat", "Size": "340 g", "Size Label": "ea"}, {"Category": "Canned & Pickled ", "Aisle": "Pantry", "Sku": "20312500001_EA", "Regular Price": "None", "Sale Price": "1.99", "Image": "https://assets.shop.loblaws.ca/products/20312500001/b1/en/front/20312500001_front_a01_@2.png", "Brand": "Chef Boyardee", "Url": "https://www.maxi.ca/mini-beef-ravioli/p/20312500001_EA", "Sub Category": null, "English Name": "Mini, Beef Ravioli", "Size": "425 g", "Size Label": "ea"}, {"Category": "Canned & Pickled ", "Aisle": "Pantry", "Sku": "21359179_EA", "Regular Price": "None", "Sale Price": "3.49", "Image": "https://assets.shop.loblaws.ca/products/21359179/b1/en/front/21359179_front_a01_@2.png", "Brand": "Cordon Bleu", "Url": "https://www.maxi.ca/beef-stew-with-formed-beef-chunks/p/21359179_EA", "Sub Category": null, "English Name": "Beef Stew with Formed Beef Chunks", "Size": "410 g", "Size Label": "ea"}, {"Category": "Canned & Pickled ", "Aisle": "Pantry", "Sku": "20079578_EA", "Regular Price": "1.25", "Sale Price": "1.00", "Image": "https://assets.shop.loblaws.ca/products/20079578/b1/en/front/20079578_front_a01_@2.png", "Brand": "No Name", "Url": "https://www.maxi.ca/mushrooms-pieces-stems/p/20079578_EA", "Sub Category": null, "English Name": "Mushrooms Pieces & Stems", "Size": "284 ml", "Size Label": "ea"}, {"Category": "Canned & Pickled ", "Aisle": "Pantry", "Sku": "20322135012_EA", "Regular Price": "2.00", "Sale Price": "1.69", "Image": "https://assets.shop.loblaws.ca/products/20322135012/b1/en/front/20322135012_front_a01_@2.png", "Brand": "St Hubert", "Url": "https://www.maxi.ca/brown-sauce-less-salt/p/20322135012_EA", "Sub Category": null, "English Name": "Brown Sauce, Less Salt", "Size": "398 ml", "Size Label": "ea"}, {"Category": "Canned & Pickled ", "Aisle": "Pantry", "Sku": "20315107003_EA", "Regular Price": "None", "Sale Price": "3.29", "Image": "https://assets.shop.loblaws.ca/products/20315107003/b1/en/front/20315107003_front_a01_@2.png", "Brand": "St Hubert", "Url": "https://www.maxi.ca/cream-of-chicken-soup/p/20315107003_EA", "Sub Category": null, "English Name": "Cream of Chicken Soup", "Size": "540 ml", "Size Label": "ea"}, {"Category": "Canned & Pickled ", "Aisle": "Pantry", "Sku": "21207598_EA", "Regular Price": "None", "Sale Price": "2.79", "Image": "https://assets.shop.loblaws.ca/products/21207598/b1/en/front/21207598_front_a01_@2.png", "Brand": "Aylmer", "Url": "https://www.maxi.ca/diced-tomatoes-with-italian-spices-no-salt-added/p/21207598_EA", "Sub Category": null, "English Name": "Diced Tomatoes with Italian Spices, No Salt Added", "Size": "796 ml", "Size Label": "ea"}, {"Category": "Canned & Pickled ", "Aisle": "Pantry", "Sku": "20129516001_EA", "Regular Price": "4.69", "Sale Price": "4.29", "Image": "https://assets.shop.loblaws.ca/products/20129516001/b1/en/front/20129516001_front_a01_@2.png", "Brand": "Kam", "Url": "https://www.maxi.ca/luncheon-meat/p/20129516001_EA", "Sub Category": null, "English Name": "Luncheon Meat     ", "Size": "340 g", "Size Label": "ea"}, {"Category": "Canned & Pickled ", "Aisle": "Pantry", "Sku": "21206804_EA", "Regular Price": "None", "Sale Price": "2.79", "Image": "https://assets.shop.loblaws.ca/products/21206804/b1/en/front/21206804_front_a01_@2.png", "Brand": "Aylmer", "Url": "https://www.maxi.ca/original-diced-tomatoes/p/21206804_EA", "Sub Category": null, "English Name": "Original Diced Tomatoes", "Size": "796 ml", "Size Label": "ea"}, {"Category": "Canned & Pickled ", "Aisle": "Pantry", "Sku": "20307812_EA", "Regular Price": "1.99", "Sale Price": "1.79", "Image": "https://assets.shop.loblaws.ca/products/20307812/b1/en/front/20307812_front_a01_@2.png", "Brand": "No Name", "Url": "https://www.maxi.ca/sliced-manzanilla-olives/p/20307812_EA", "Sub Category": null, "English Name": "Sliced Manzanilla Olives", "Size": "375 ml", "Size Label": "ea"}, {"Category": "Canned & Pickled ", "Aisle": "Pantry", "Sku": "20119954_EA", "Regular Price": "None", "Sale Price": "2.79", "Image": "https://assets.shop.loblaws.ca/products/20119954/b1/en/front/20119954_front_a01_@2.png", "Brand": "No Name", "Url": "https://www.maxi.ca/sweet-gherkins-pickles/p/20119954_EA", "Sub Category": null, "English Name": "Sweet Gherkins Pickles ", "Size": "375 ml", "Size Label": "ea"}, {"Category": "Canned & Pickled ", "Aisle": "Pantry", "Sku": "20981808_EA", "Regular Price": "None", "Sale Price": "2.79", "Image": "https://assets.shop.loblaws.ca/products/20981808/b1/en/front/20981808_front_a01_@2.png", "Brand": "Campbell's", "Url": "https://www.maxi.ca/chicken-gumbo/p/20981808_EA", "Sub Category": null, "English Name": "Chicken Gumbo", "Size": "284 ml", "Size Label": "ea"}, {"Category": "Canned & Pickled ", "Aisle": "Pantry", "Sku": "20312500005_EA", "Regular Price": "None", "Sale Price": "1.99", "Image": "https://assets.shop.loblaws.ca/products/20312500005/b1/en/front/20312500005_front_a01_@2.png", "Brand": "Chef Boyardee", "Url": "https://www.maxi.ca/beef-ravioli/p/20312500005_EA", "Sub Category": null, "English Name": "Beef Ravioli", "Size": "425 g", "Size Label": "ea"}, {"Category": "Canned & Pickled ", "Aisle": "Pantry", "Sku": "20155083002_EA", "Regular Price": "None", "Sale Price": "3.79", "Image": "https://assets.shop.loblaws.ca/products/20155083002/b1/en/front/20155083002_front_a01_@2.png", "Brand": "No Name", "Url": "https://www.maxi.ca/pickled-sliced-beets/p/20155083002_EA", "Sub Category": null, "English Name": "Pickled Sliced Beets", "Size": "750 ml", "Size Label": "ea"}, {"Category": "Canned & Pickled ", "Aisle": "Pantry", "Sku": "21005216_EA", "Regular Price": "3.79", "Sale Price": "3.29", "Image": "https://assets.shop.loblaws.ca/products/21005216/b1/en/front/21005216_front_a01_@2.png", "Brand": "Ocean's Halo", "Url": "https://www.maxi.ca/flaked-white-tuna/p/21005216_EA", "Sub Category": null, "English Name": "Flaked White Tuna", "Size": "170 g", "Size Label": "ea"}, {"Category": "Canned & Pickled ", "Aisle": "Pantry", "Sku": "20618824_EA", "Regular Price": "3.49", "Sale Price": "3.29", "Image": "https://assets.shop.loblaws.ca/products/20618824/b1/en/front/20618824_front_a01_@2.png", "Brand": "No Name", "Url": "https://www.maxi.ca/clingstone-peach-slices-in-juice-from-concentrate/p/20618824_EA", "Sub Category": null, "English Name": "Clingstone Peach Slices in Juice from Concentrate", "Size": "796 ml", "Size Label": "ea"}, {"Category": "Canned & Pickled ", "Aisle": "Pantry", "Sku": "20140914_EA", "Regular Price": "None", "Sale Price": "2.00", "Image": "https://assets.shop.loblaws.ca/products/20140914/b1/en/front/20140914_front_a01_@2.png", "Brand": "No Name", "Url": "https://www.maxi.ca/marinated-quartered-artichoke-hearts/p/20140914_EA", "Sub Category": null, "English Name": "Marinated Quartered Artichoke Hearts", "Size": "170 ml", "Size Label": "ea"}, {"Category": "Canned & Pickled ", "Aisle": "Pantry", "Sku": "21360076_EA", "Regular Price": "None", "Sale Price": "3.69", "Image": "https://assets.shop.loblaws.ca/products/21360076/b1/en/front/21360076_front_a01_@2.png", "Brand": "Paris P\u00e2t\u00e9", "Url": "https://www.maxi.ca/liver-pat/p/21360076_EA", "Sub Category": null, "English Name": "Liver Pat\u00e9", "Size": "135 g", "Size Label": "ea"}, {"Category": "Canned & Pickled ", "Aisle": "Pantry", "Sku": "20136767004_EA", "Regular Price": "2.49", "Sale Price": "1.99", "Image": "https://assets.shop.loblaws.ca/products/20136767004/b1/en/front/20136767004_front_a01_@2.png", "Brand": "Dole", "Url": "https://www.maxi.ca/crushed-pineapple-in-pineapple-juice/p/20136767004_EA", "Sub Category": null, "English Name": "Crushed Pineapple in Pineapple Juice", "Size": "398 ml", "Size Label": "ea"}, {"Category": "Canned & Pickled ", "Aisle": "Pantry", "Sku": "21353478_EA", "Regular Price": "None", "Sale Price": "4.99", "Image": "https://assets.shop.loblaws.ca/products/21353478/b1/en/front/21353478_front_a01_@2.png", "Brand": "Rio Mare", "Url": "https://www.maxi.ca/insalatissime-rice-and-light-tuna-salad-spicy/p/21353478_EA", "Sub Category": null, "English Name": "Insalatissime Rice and Light Tuna Salad Spicy ", "Size": "160 g", "Size Label": "ea"}, {"Category": "Canned & Pickled ", "Aisle": "Pantry", "Sku": "20651741_EA", "Regular Price": "None", "Sale Price": "1.89", "Image": "https://assets.shop.loblaws.ca/products/20651741/b1/en/front/20651741_front_a01_@2.png", "Brand": "No Name", "Url": "https://www.maxi.ca/sliced-stewed-tomatoes/p/20651741_EA", "Sub Category": null, "English Name": "Sliced Stewed Tomatoes", "Size": "796 ml", "Size Label": "ea"}, {"Category": "Canned & Pickled ", "Aisle": "Pantry", "Sku": "20046189_EA", "Regular Price": "None", "Sale Price": "3.29", "Image": "https://assets.shop.loblaws.ca/products/20046189/b1/en/front/20046189_front_a01_@2.png", "Brand": "No Name", "Url": "https://www.maxi.ca/dill-pickles/p/20046189_EA", "Sub Category": null, "English Name": "Dill Pickles", "Size": "1 l", "Size Label": "ea"}, {"Category": "Canned & Pickled ", "Aisle": "Pantry", "Sku": "21239915_EA", "Regular Price": "None", "Sale Price": "3.79", "Image": "https://assets.shop.loblaws.ca/products/21239915/b1/en/front/21239915_front_a01_@2.png", "Brand": "President's Choice", "Url": "https://www.maxi.ca/plant-based-vegetable-and-bean-chili/p/21239915_EA", "Sub Category": null, "English Name": "Plant Based Vegetable and Bean Chili", "Size": "400 g", "Size Label": "ea"}, {"Category": "Canned & Pickled ", "Aisle": "Pantry", "Sku": "20322135011_EA", "Regular Price": "2.00", "Sale Price": "1.69", "Image": "https://assets.shop.loblaws.ca/products/20322135011/b1/en/front/20322135011_front_a01_@2.png", "Brand": "St Hubert", "Url": "https://www.maxi.ca/sauce-mushroom-gravy/p/20322135011_EA", "Sub Category": null, "English Name": "Sauce, Mushroom Gravy", "Size": "398 ml", "Size Label": "ea"}, {"Category": "Canned & Pickled ", "Aisle": "Pantry", "Sku": "20105016_EA", "Regular Price": "None", "Sale Price": "9.49", "Image": "https://assets.shop.loblaws.ca/products/20105016/b1/en/front/20105016_front_a01_@2.png", "Brand": "Pilaros", "Url": "https://www.maxi.ca/green-olives-with-garlic/p/20105016_EA", "Sub Category": null, "English Name": "Green Olives with Garlic", "Size": "1 l", "Size Label": "ea"}, {"Category": "Canned & Pickled ", "Aisle": "Pantry", "Sku": "20069525_EA", "Regular Price": "1.69", "Sale Price": "1.39", "Image": "https://assets.shop.loblaws.ca/products/20069525/b1/en/front/20069525_front_a01_@2.png", "Brand": "Unico", "Url": "https://www.maxi.ca/tuna-light-solid-in-oil/p/20069525_EA", "Sub Category": null, "English Name": "Tuna, Light Solid in Oil", "Size": "99 g", "Size Label": "ea"}, {"Category": "Canned & Pickled ", "Aisle": "Pantry", "Sku": "21358345_EA", "Regular Price": "None", "Sale Price": "2.19", "Image": "https://assets.shop.loblaws.ca/products/21358345/b1/en/front/21358345_front_a01_@2.png", "Brand": "Brunswick", "Url": "https://www.maxi.ca/sardine-filets/p/21358345_EA", "Sub Category": null, "English Name": "Sardine Filets", "Size": "100 g", "Size Label": "ea"}, {"Category": "Canned & Pickled ", "Aisle": "Pantry", "Sku": "21186814_EA", "Regular Price": "None", "Sale Price": "6.00", "Image": "https://assets.shop.loblaws.ca/products/21186814/b1/en/front/21186814_front_a01_@2.png", "Brand": "GoldSeal", "Url": "https://www.maxi.ca/salmon-sockeye/p/21186814_EA", "Sub Category": null, "English Name": "Salmon Sockeye", "Size": "213 g", "Size Label": "ea"}, {"Category": "Canned & Pickled ", "Aisle": "Pantry", "Sku": "21089150_EA", "Regular Price": "None", "Sale Price": "8.29", "Image": "https://assets.shop.loblaws.ca/products/21089150/b1/en/front/21089150_front_a01_@2.png", "Brand": "Rio Mare", "Url": "https://www.maxi.ca/light-tuna-fillets-in-olive-oil/p/21089150_EA", "Sub Category": null, "English Name": "Light Tuna Fillets in Olive Oil", "Size": "180 g", "Size Label": "ea"}, {"Category": "Canned & Pickled ", "Aisle": "Pantry", "Sku": "21471628_EA", "Regular Price": "None", "Sale Price": "2.29", "Image": "https://assets.shop.loblaws.ca/products/21471628/b1/en/front/21471628_front_a01_@2.png", "Brand": "GoldSeal", "Url": "https://www.maxi.ca/wild-sardines-in-tomato-sauce/p/21471628_EA", "Sub Category": null, "English Name": "Wild Sardines In Tomato Sauce", "Size": "125 g", "Size Label": "ea"}, {"Category": "Canned & Pickled ", "Aisle": "Pantry", "Sku": "21291640_EA", "Regular Price": "None", "Sale Price": "1.25", "Image": "https://assets.shop.loblaws.ca/products/21291640/b1/en/front/21291640_front_a01_@2.png", "Brand": "No Name", "Url": "https://www.maxi.ca/sardines/p/21291640_EA", "Sub Category": null, "English Name": "Sardines", "Size": "106 g", "Size Label": "ea"}, {"Category": "Canned & Pickled ", "Aisle": "Pantry", "Sku": "20322135013_EA", "Regular Price": "2.00", "Sale Price": "1.69", "Image": "https://assets.shop.loblaws.ca/products/20322135013/b1/en/front/20322135013_front_a01_@2.png", "Brand": "St Hubert", "Url": "https://www.maxi.ca/less-salt-sauce-poutine/p/20322135013_EA", "Sub Category": null, "English Name": "Less Salt Sauce, Poutine", "Size": "398 ml", "Size Label": "ea"}, {"Category": "Canned & Pickled ", "Aisle": "Pantry", "Sku": "20322135006_EA", "Regular Price": "2.00", "Sale Price": "1.69", "Image": "https://assets.shop.loblaws.ca/products/20322135006/b1/en/front/20322135006_front_a01_@2.png", "Brand": "St Hubert", "Url": "https://www.maxi.ca/brown-gravy/p/20322135006_EA", "Sub Category": null, "English Name": "Brown Gravy", "Size": "398 ml", "Size Label": "ea"}, {"Category": "Canned & Pickled ", "Aisle": "Pantry", "Sku": "20433560002_EA", "Regular Price": "None", "Sale Price": "4.99", "Image": "https://assets.shop.loblaws.ca/products/20433560002/b1/en/front/20433560002_front_a01_@2.png", "Brand": "President's Choice", "Url": "https://www.maxi.ca/sweet-mixed-pickles/p/20433560002_EA", "Sub Category": null, "English Name": "Sweet Mixed Pickles", "Size": "1 l", "Size Label": "ea"}, {"Category": "Canned & Pickled ", "Aisle": "Pantry", "Sku": "20306160001_EA", "Regular Price": "4.49", "Sale Price": "3.99", "Image": "https://assets.shop.loblaws.ca/products/20306160001/b1/en/front/20306160001_front_a01_@2.png", "Brand": "Del Monte", "Url": "https://www.maxi.ca/peach-slices-in-fruit-juice-from-concentrate/p/20306160001_EA", "Sub Category": null, "English Name": "Peach Slices in Fruit Juice From Concentrate", "Size": "796 ml", "Size Label": "ea"}, {"Category": "Canned & Pickled ", "Aisle": "Pantry", "Sku": "20325921004_EA", "Regular Price": "1.49", "Sale Price": "1.39", "Image": "https://assets.shop.loblaws.ca/products/20325921004/b1/en/front/20325921004_front_a01_@2.png", "Brand": "No Name", "Url": "https://www.maxi.ca/lentils/p/20325921004_EA", "Sub Category": null, "English Name": "Lentils", "Size": "540 ml", "Size Label": "ea"}, {"Category": "Canned & Pickled ", "Aisle": "Pantry", "Sku": "20060181002_EA", "Regular Price": "None", "Sale Price": "3.29", "Image": "https://assets.shop.loblaws.ca/products/20060181002/b1/en/front/20060181002_front_a01_@2.png", "Brand": "Coronation", "Url": "https://www.maxi.ca/stuffed-manzanilla-olives-pimento-paste/p/20060181002_EA", "Sub Category": null, "English Name": "Stuffed Manzanilla Olives Pimento Paste", "Size": "375 ml", "Size Label": "ea"}, {"Category": "Canned & Pickled ", "Aisle": "Pantry", "Sku": "21006692_EA", "Regular Price": "None", "Sale Price": "2.29", "Image": "https://assets.shop.loblaws.ca/products/21006692/b1/en/front/21006692_front_a01_@2.png", "Brand": "Paris P\u00e2t\u00e9", "Url": "https://www.maxi.ca/deviled-ham-spread/p/21006692_EA", "Sub Category": null, "English Name": "Deviled Ham Spread", "Size": "78 g", "Size Label": "ea"}, {"Category": "Canned & Pickled ", "Aisle": "Pantry", "Sku": "21005385_EA", "Regular Price": "None", "Sale Price": "2.99", "Image": "https://assets.shop.loblaws.ca/products/21005385/b1/en/front/21005385_front_a01_@2.png", "Brand": "Ocean's Halo", "Url": "https://www.maxi.ca/tuna-with-rice-crackers-lemon-pepper/p/21005385_EA", "Sub Category": null, "English Name": "Tuna With Rice Crackers, Lemon & Pepper", "Size": "96 g", "Size Label": "ea"}, {"Category": "Canned & Pickled ", "Aisle": "Pantry", "Sku": "20097482001_EA", "Regular Price": "None", "Sale Price": "1.29", "Image": "https://assets.shop.loblaws.ca/products/20097482001/b1/en/front/20097482001_front_a01_@2.png", "Brand": "No Name", "Url": "https://www.maxi.ca/spicy-thai-chili-flaked-light-tuna/p/20097482001_EA", "Sub Category": null, "English Name": "Spicy Thai Chili Flaked Light Tuna", "Size": "85 g", "Size Label": "ea"}, {"Category": "Canned & Pickled ", "Aisle": "Pantry", "Sku": "20128123_EA", "Regular Price": "None", "Sale Price": "1.79", "Image": "https://assets.shop.loblaws.ca/products/20128123/b1/en/front/20128123_front_a01_@2.png", "Brand": "No Name", "Url": "https://www.maxi.ca/miniature-cobs-of-corn/p/20128123_EA", "Sub Category": null, "English Name": "Miniature Cobs of Corn", "Size": "398 ml", "Size Label": "ea"}, {"Category": "Canned & Pickled ", "Aisle": "Pantry", "Sku": "21024465_EA", "Regular Price": "None", "Sale Price": "1.99", "Image": null, "Brand": "GoldSeal", "Url": "https://www.maxi.ca/sardines-in-soy-oil/p/21024465_EA", "Sub Category": null, "English Name": "Sardines In Soy Oil   ", "Size": "125 g", "Size Label": "ea"}, {"Category": "Canned & Pickled ", "Aisle": "Pantry", "Sku": "20099100001_EA", "Regular Price": "None", "Sale Price": "3.79", "Image": "https://assets.shop.loblaws.ca/products/20099100001/b1/en/front/20099100001_front_a01_@2.png", "Brand": "Unico", "Url": "https://www.maxi.ca/peperoncini-pepper/p/20099100001_EA", "Sub Category": null, "English Name": "Peperoncini Pepper", "Size": "750 ml", "Size Label": "ea"}, {"Category": "Canned & Pickled ", "Aisle": "Pantry", "Sku": "20322242001_EA", "Regular Price": "None", "Sale Price": "2.19", "Image": "https://assets.shop.loblaws.ca/products/20322242001/b1/en/front/20322242001_front_a01_@2.png", "Brand": "Brunswick", "Url": "https://www.maxi.ca/sardines-spring-water/p/20322242001_EA", "Sub Category": null, "English Name": "Sardines, Spring Water", "Size": "106 g", "Size Label": "ea"}, {"Category": "Canned & Pickled ", "Aisle": "Pantry", "Sku": "21385413_EA", "Regular Price": "None", "Sale Price": "8.49", "Image": "https://assets.shop.loblaws.ca/products/21385413/b1/en/front/21385413_front_a01_@2.png", "Brand": "Rio Mare", "Url": "https://www.maxi.ca/salmon-fillet-in-extra-virgin-olive-oil/p/21385413_EA", "Sub Category": null, "English Name": "Salmon Fillet In Extra Virgin Olive Oil", "Size": "125 g", "Size Label": "ea"}, {"Category": "Canned & Pickled ", "Aisle": "Pantry", "Sku": "20322135003_EA", "Regular Price": "None", "Sale Price": "1.69", "Image": "https://assets.shop.loblaws.ca/products/20322135003/b1/en/front/20322135003_front_a01_@2.png", "Brand": "St Hubert", "Url": "https://www.maxi.ca/poutine-sauce/p/20322135003_EA", "Sub Category": null, "English Name": "Poutine Sauce", "Size": "398 ml", "Size Label": "ea"}, {"Category": "Canned & Pickled ", "Aisle": "Pantry", "Sku": "20298273001_EA", "Regular Price": "3.29", "Sale Price": "2.99", "Image": "https://assets.shop.loblaws.ca/products/20298273001/b1/en/front/20298273001_front_a01_@2.png", "Brand": "Maple Leaf", "Url": "https://www.maxi.ca/flakes-of-ham-by-maple-leaf/p/20298273001_EA", "Sub Category": null, "English Name": "Flakes of Ham by Maple Leaf", "Size": "156 g", "Size Label": "ea"}, {"Category": "Canned & Pickled ", "Aisle": "Pantry", "Sku": "21193916_EA", "Regular Price": "None", "Sale Price": "1.99", "Image": "https://assets.shop.loblaws.ca/products/21193916/b1/en/front/21193916_front_a01_@2.png", "Brand": "President's Choice", "Url": "https://www.maxi.ca/smoked-whole-responsibly-farmed-oysters-in-sunflow/p/21193916_EA", "Sub Category": null, "English Name": "Smoked Whole Responsibly Farmed Oysters In Sunflower Oil", "Size": "85 g", "Size Label": "ea"}, {"Category": "Canned & Pickled ", "Aisle": "Pantry", "Sku": "20161597_EA", "Regular Price": "None", "Sale Price": "2.19", "Image": "https://assets.shop.loblaws.ca/products/20161597/b1/en/front/20161597_front_a01_@2.png", "Brand": "No Name", "Url": "https://www.maxi.ca/capers/p/20161597_EA", "Sub Category": null, "English Name": "Capers", "Size": "100 ml", "Size Label": "ea"}, {"Category": "Canned & Pickled ", "Aisle": "Pantry", "Sku": "20154235_EA", "Regular Price": "None", "Sale Price": "4.99", "Image": "https://assets.shop.loblaws.ca/products/20154235/b1/en/front/20154235_front_a01_@2.png", "Brand": "M'Lord", "Url": "https://www.maxi.ca/whole-hearts-of-palm/p/20154235_EA", "Sub Category": null, "English Name": "Whole Hearts Of Palm", "Size": "398 ml", "Size Label": "ea"}, {"Category": "Canned & Pickled ", "Aisle": "Pantry", "Sku": "21021208_EA", "Regular Price": "None", "Sale Price": "1.99", "Image": "https://assets.shop.loblaws.ca/products/21021208/b1/en/front/21021208_front_a01_@2.png", "Brand": "Green Giant", "Url": "https://www.maxi.ca/tender-peas/p/21021208_EA", "Sub Category": null, "English Name": "Tender Peas", "Size": "398 ml", "Size Label": "ea"}, {"Category": "Canned & Pickled ", "Aisle": "Pantry", "Sku": "20433560001_EA", "Regular Price": "None", "Sale Price": "4.99", "Image": "https://assets.shop.loblaws.ca/products/20433560001/b1/en/front/20433560001_front_a01_@2.png", "Brand": "President's Choice", "Url": "https://www.maxi.ca/bread-butter-sweet-pickles/p/20433560001_EA", "Sub Category": null, "English Name": "Bread & Butter Sweet Pickles", "Size": "1 l", "Size Label": "ea"}, {"Category": "Canned & Pickled ", "Aisle": "Pantry", "Sku": "21480507_EA", "Regular Price": "2.50", "Sale Price": "2.00", "Image": "https://assets.shop.loblaws.ca/products/21480507/b1/en/front/21480507_front_a01_@2.png", "Brand": "Campbell's", "Url": "https://www.maxi.ca/chunky-new-england-clam-chowder/p/21480507_EA", "Sub Category": null, "English Name": "Chunky New England Clam Chowder", "Size": "515 ml", "Size Label": "ea"}, {"Category": "Canned & Pickled ", "Aisle": "Pantry", "Sku": "20302431_EA", "Regular Price": "None", "Sale Price": "0.99", "Image": "https://assets.shop.loblaws.ca/products/20302431/b1/en/front/20302431_front_a01_@2.png", "Brand": "No Name", "Url": "https://www.maxi.ca/condensed-cream-of-mushroom-soup/p/20302431_EA", "Sub Category": null, "English Name": "Condensed Cream Of Mushroom Soup", "Size": "284 ml", "Size Label": "ea"}, {"Category": "Canned & Pickled ", "Aisle": "Pantry", "Sku": "20158289004_EA", "Regular Price": "None", "Sale Price": "4.99", "Image": "https://assets.shop.loblaws.ca/products/20158289004/b1/en/front/20158289004_front_a01_@2.png", "Brand": "Bicks", "Url": "https://www.maxi.ca/pickles-polskie-og-rki-dill/p/20158289004_EA", "Sub Category": null, "English Name": "Pickles Polskie Og\u00f3rki Dill", "Size": "1 l", "Size Label": "ea"}, {"Category": "Canned & Pickled ", "Aisle": "Pantry", "Sku": "21309611_EA", "Regular Price": "4.99", "Sale Price": "3.49", "Image": "https://assets.shop.loblaws.ca/products/21309611/b1/en/front/21309611_front_a01_@2.png", "Brand": "Cordon Bleu", "Url": "https://www.maxi.ca/meatballs-in-gravy-with-round-potatoes/p/21309611_EA", "Sub Category": null, "English Name": "Meatballs in Gravy with Round Potatoes", "Size": "410 g", "Size Label": "ea"}, {"Category": "Canned & Pickled ", "Aisle": "Pantry", "Sku": "21219102_EA", "Regular Price": "None", "Sale Price": "2.69", "Image": "https://assets.shop.loblaws.ca/products/21219102/b1/en/front/21219102_front_a01_@2.png", "Brand": "Aylmer", "Url": "https://www.maxi.ca/accents-diced-tomatoes-with-green-pepper/p/21219102_EA", "Sub Category": null, "English Name": "Accents Diced Tomatoes with Green Pepper", "Size": "540 ml", "Size Label": "ea"}, {"Category": "Canned & Pickled ", "Aisle": "Pantry", "Sku": "20136767001_EA", "Regular Price": "2.49", "Sale Price": "1.99", "Image": "https://assets.shop.loblaws.ca/products/20136767001/b1/en/front/20136767001_front_a01_@2.png", "Brand": "Dole", "Url": "https://www.maxi.ca/pineapple-tidbits-in-pineapple-juice/p/20136767001_EA", "Sub Category": null, "English Name": "Pineapple Tidbits in Pineapple Juice", "Size": "398 ml", "Size Label": "ea"}, {"Category": "Canned & Pickled ", "Aisle": "Pantry", "Sku": "21297564_EA", "Regular Price": "4.50", "Sale Price": "4.29", "Image": "https://assets.shop.loblaws.ca/products/21297564/b1/en/front/21297564_front_a01_@2.png", "Brand": "Dole", "Url": "https://www.maxi.ca/in-light-fruit-juice-syrup-mandarin-oranges/p/21297564_EA", "Sub Category": null, "English Name": "In Light Fruit Juice Syrup Mandarin Oranges", "Size": "540 ml", "Size Label": "ea"}, {"Category": "Canned & Pickled ", "Aisle": "Pantry", "Sku": "21215959_EA", "Regular Price": "None", "Sale Price": "1.49", "Image": "https://assets.shop.loblaws.ca/products/21215959/b1/en/front/21215959_front_a01_@2.png", "Brand": "Aylmer", "Url": "https://www.maxi.ca/condensed-soup-vegetable/p/21215959_EA", "Sub Category": null, "English Name": "Condensed Soup Vegetable", "Size": "284 ml", "Size Label": "ea"}, {"Category": "Canned & Pickled ", "Aisle": "Pantry", "Sku": "20136767002_EA", "Regular Price": "2.49", "Sale Price": "1.99", "Image": "https://assets.shop.loblaws.ca/products/20136767002/b1/en/front/20136767002_front_a01_@2.png", "Brand": "Dole", "Url": "https://www.maxi.ca/pineapple-slices-in-pineapple-juice/p/20136767002_EA", "Sub Category": null, "English Name": "Pineapple Slices in Pineapple Juice", "Size": "398 ml", "Size Label": "ea"}, {"Category": "Canned & Pickled ", "Aisle": "Pantry", "Sku": "20186083001_EA", "Regular Price": "None", "Sale Price": "4.99", "Image": "https://assets.shop.loblaws.ca/products/20186083001/b1/en/front/20186083001_front_a01_@2.png", "Brand": "Bicks", "Url": "https://www.maxi.ca/garlic-baby-dill-pickles/p/20186083001_EA", "Sub Category": null, "English Name": "Garlic Baby Dill Pickles", "Size": "1 l", "Size Label": "ea"}, {"Category": "Canned & Pickled ", "Aisle": "Pantry", "Sku": "21385684_EA", "Regular Price": "None", "Sale Price": "2.49", "Image": "https://assets.shop.loblaws.ca/products/21385684/b1/en/front/21385684_front_a01_@2.png", "Brand": "Apple Snax", "Url": "https://www.maxi.ca/applesauce-homestyle/p/21385684_EA", "Sub Category": null, "English Name": "Applesauce Homestyle", "Size": "620 ml", "Size Label": "ea"}, {"Category": "Canned & Pickled ", "Aisle": "Pantry", "Sku": "20318545001_EA", "Regular Price": "None", "Sale Price": "5.29", "Image": "https://assets.shop.loblaws.ca/products/20318545001/b1/en/front/20318545001_front_a01_@2.png", "Brand": "Bicks", "Url": "https://www.maxi.ca/pickled-hot-banana-pepper-rings/p/20318545001_EA", "Sub Category": null, "English Name": "Pickled Hot Banana Pepper Rings", "Size": "750 ml", "Size Label": "ea"}, {"Category": "Canned & Pickled ", "Aisle": "Pantry", "Sku": "20675685_EA", "Regular Price": "None", "Sale Price": "3.79", "Image": "https://assets.shop.loblaws.ca/products/20675685/b1/en/front/20675685_front_a01_@2.png", "Brand": "No Name", "Url": "https://www.maxi.ca/peach-slices-in-fruit-juice-from-concentrate/p/20675685_EA", "Sub Category": null, "English Name": "Peach Slices in Fruit Juice From Concentrate", "Size": "540 ml", "Size Label": "ea"}, {"Category": "Canned & Pickled ", "Aisle": "Pantry", "Sku": "21295614_EA", "Regular Price": "None", "Sale Price": "4.79", "Image": "https://assets.shop.loblaws.ca/products/21295614/b1/en/front/21295614_front_a01_@2.png", "Brand": "Mario's", "Url": "https://www.maxi.ca/corned-beef/p/21295614_EA", "Sub Category": null, "English Name": "Corned Beef ", "Size": "340 g", "Size Label": "ea"}, {"Category": "Canned & Pickled ", "Aisle": "Pantry", "Sku": "20416342_EA", "Regular Price": "None", "Sale Price": "5.99", "Image": "https://assets.shop.loblaws.ca/products/20416342/b1/en/front/20416342_front_a01_@2.png", "Brand": "Palm", "Url": "https://www.maxi.ca/corned-beef/p/20416342_EA", "Sub Category": null, "English Name": "Corned Beef", "Size": "326 g", "Size Label": "ea"}, {"Category": "Canned & Pickled ", "Aisle": "Pantry", "Sku": "20330822_EA", "Regular Price": "None", "Sale Price": "4.29", "Image": "https://assets.shop.loblaws.ca/products/20330822/b1/en/front/20330822_front_a01_@2.png", "Brand": "President's Choice", "Url": "https://www.maxi.ca/crabmeat/p/20330822_EA", "Sub Category": null, "English Name": "Crabmeat", "Size": "170 g", "Size Label": "ea"}, {"Category": "Canned & Pickled ", "Aisle": "Pantry", "Sku": "20323322_EA", "Regular Price": "None", "Sale Price": "1.25", "Image": "https://assets.shop.loblaws.ca/products/20323322/b1/en/front/20323322_front_a01_@2.png", "Brand": "No Name", "Url": "https://www.maxi.ca/peas-assorted-sizes/p/20323322_EA", "Sub Category": null, "English Name": "Peas, Assorted Sizes ", "Size": "398 ml", "Size Label": "ea"}, {"Category": "Canned & Pickled ", "Aisle": "Pantry", "Sku": "21403992_EA", "Regular Price": "None", "Sale Price": "2.00", "Image": "https://assets.shop.loblaws.ca/products/21403992/b1/en/front/21403992_front_a01_@2.png", "Brand": "PC Organics", "Url": "https://www.maxi.ca/chickpeas/p/21403992_EA", "Sub Category": null, "English Name": "Chickpeas", "Size": "398 ml", "Size Label": "ea"}, {"Category": "Canned & Pickled ", "Aisle": "Pantry", "Sku": "20172052001_EA", "Regular Price": "None", "Sale Price": "5.49", "Image": "https://assets.shop.loblaws.ca/products/20172052001/b1/en/front/20172052001_front_a01_@2.png", "Brand": "No Name", "Url": "https://www.maxi.ca/sustainably-sourced-wild-pacific-pink-salmon/p/20172052001_EA", "Sub Category": null, "English Name": "Sustainably Sourced Wild Pacific Pink Salmon", "Size": "418 g", "Size Label": "ea"}, {"Category": "Canned & Pickled ", "Aisle": "Pantry", "Sku": "20147947_EA", "Regular Price": "None", "Sale Price": "10.29", "Image": "https://assets.shop.loblaws.ca/products/20147947/b1/en/front/20147947_front_a01_@2.png", "Brand": "Dole", "Url": "https://www.maxi.ca/tropical-fruit-salad/p/20147947_EA", "Sub Category": null, "English Name": "Tropical Fruit Salad", "Size": "2.84 l", "Size Label": "ea"}, {"Category": "Canned & Pickled ", "Aisle": "Pantry", "Sku": "20322135008_EA", "Regular Price": "2.00", "Sale Price": "1.69", "Image": "https://assets.shop.loblaws.ca/products/20322135008/b1/en/front/20322135008_front_a01_@2.png", "Brand": "St Hubert", "Url": "https://www.maxi.ca/hot-chicken-sauce-reduced-salt/p/20322135008_EA", "Sub Category": null, "English Name": "Hot Chicken Sauce, Reduced Salt", "Size": "398 ml", "Size Label": "ea"}, {"Category": "Canned & Pickled ", "Aisle": "Pantry", "Sku": "20133798_EA", "Regular Price": "None", "Sale Price": "6.00", "Image": "https://assets.shop.loblaws.ca/products/20133798/b1/en/front/20133798_front_a01_@2.png", "Brand": "Diana", "Url": "https://www.maxi.ca/marinated-artichokes/p/20133798_EA", "Sub Category": null, "English Name": "Marinated Artichokes", "Size": "1 l", "Size Label": "ea"}, {"Category": "Canned & Pickled ", "Aisle": "Pantry", "Sku": "20618934_EA", "Regular Price": "None", "Sale Price": "1.99", "Image": "https://assets.shop.loblaws.ca/products/20618934/b1/en/front/20618934_front_a01_@2.png", "Brand": "No Name", "Url": "https://www.maxi.ca/pear-halves-in-fruit-juice-from-concentrate/p/20618934_EA", "Sub Category": null, "English Name": "Pear Halves in Fruit Juice from Concentrate", "Size": "398 ml", "Size Label": "ea"}, {"Category": "Canned & Pickled ", "Aisle": "Pantry", "Sku": "20003420_EA", "Regular Price": "None", "Sale Price": "4.79", "Image": "https://assets.shop.loblaws.ca/products/20003420/b1/en/front/20003420_front_a01_@2.png", "Brand": "Clover Leaf", "Url": "https://www.maxi.ca/wild-pacific-pink-salmon/p/20003420_EA", "Sub Category": null, "English Name": "Wild Pacific Pink Salmon", "Size": "213 g", "Size Label": "ea"}, {"Category": "Canned & Pickled ", "Aisle": "Pantry", "Sku": "20315581007_EA", "Regular Price": "None", "Sale Price": "1.99", "Image": "https://assets.shop.loblaws.ca/products/20315581007/b1/en/front/20315581007_front_a01_@2.png", "Brand": "Clover Leaf", "Url": "https://www.maxi.ca/flaked-light-tuna-lemon-pepper/p/20315581007_EA", "Sub Category": null, "English Name": "Flaked Light Tuna, Lemon & Pepper", "Size": "85 g", "Size Label": "ea"}, {"Category": "Canned & Pickled ", "Aisle": "Pantry", "Sku": "20549485003_EA", "Regular Price": "None", "Sale Price": "2.99", "Image": "https://assets.shop.loblaws.ca/products/20549485003/b1/en/front/20549485003_front_a01_@2.png", "Brand": "Millionnaires", "Url": "https://www.maxi.ca/sardines-lightly-smoked-in-soy-oil/p/20549485003_EA", "Sub Category": null, "English Name": "Sardines, Lightly Smoked In Soy Oil", "Size": "106 g", "Size Label": "ea"}, {"Category": "Canned & Pickled ", "Aisle": "Pantry", "Sku": "20347285_EA", "Regular Price": "None", "Sale Price": "4.79", "Image": "https://assets.shop.loblaws.ca/products/20347285/b1/en/front/20347285_front_a01_@2.png", "Brand": "Clover Leaf", "Url": "https://www.maxi.ca/pink-salmon/p/20347285_EA", "Sub Category": null, "English Name": "Pink Salmon", "Size": "150 g", "Size Label": "ea"}, {"Category": "Canned & Pickled ", "Aisle": "Pantry", "Sku": "20821019_EA", "Regular Price": "None", "Sale Price": "2.29", "Image": "https://assets.shop.loblaws.ca/products/20821019/b1/en/front/20821019_front_a01_@2.png", "Brand": "Clover Leaf", "Url": "https://www.maxi.ca/chicken-snacks-original/p/20821019_EA", "Sub Category": null, "English Name": "Chicken Snacks, Original", "Size": "99 g", "Size Label": "ea"}, {"Category": "Canned & Pickled ", "Aisle": "Pantry", "Sku": "20304782001_EA", "Regular Price": "None", "Sale Price": "2.29", "Image": "https://assets.shop.loblaws.ca/products/20304782001/b1/en/front/20304782001_front_a01_@2.png", "Brand": "Clover Leaf", "Url": "https://www.maxi.ca/tuna-salad-kit-classic/p/20304782001_EA", "Sub Category": null, "English Name": "Tuna Salad Kit, Classic", "Size": "90 g", "Size Label": "ea"}, {"Category": "Canned & Pickled ", "Aisle": "Pantry", "Sku": "20297246006_EA", "Regular Price": "None", "Sale Price": "2.79", "Image": "https://assets.shop.loblaws.ca/products/20297246006/b1/en/front/20297246006_front_a01_@2.png", "Brand": "Campbell's", "Url": "https://www.maxi.ca/broth-chicken/p/20297246006_EA", "Sub Category": null, "English Name": "Broth, Chicken", "Size": "284 ml", "Size Label": "ea"}, {"Category": "Canned & Pickled ", "Aisle": "Pantry", "Sku": "21083426_EA", "Regular Price": "None", "Sale Price": "3.79", "Image": "https://assets.shop.loblaws.ca/products/21083426/b1/en/front/21083426_front_a01_@2.png", "Brand": "GoldSeal", "Url": "https://www.maxi.ca/mackerel-in-olive-oil/p/21083426_EA", "Sub Category": null, "English Name": "Mackerel in Olive Oil", "Size": "115 g", "Size Label": "ea"}, {"Category": "Canned & Pickled ", "Aisle": "Pantry", "Sku": "20833957_EA", "Regular Price": "None", "Sale Price": "1.49", "Image": "https://assets.shop.loblaws.ca/products/20833957/b1/en/front/20833957_front_a01_@2.png", "Brand": "Aylmer", "Url": "https://www.maxi.ca/chicken-noodle-soup/p/20833957_EA", "Sub Category": null, "English Name": "Chicken Noodle Soup", "Size": "284 ml", "Size Label": "ea"}, {"Category": "Canned & Pickled ", "Aisle": "Pantry", "Sku": "20322242002_EA", "Regular Price": "None", "Sale Price": "2.19", "Image": "https://assets.shop.loblaws.ca/products/20322242002/b1/en/front/20322242002_front_a01_@2.png", "Brand": "Brunswick", "Url": "https://www.maxi.ca/sardines-soy-oil/p/20322242002_EA", "Sub Category": null, "English Name": "Sardines, Soy Oil", "Size": "106 g", "Size Label": "ea"}, {"Category": "Canned & Pickled ", "Aisle": "Pantry", "Sku": "20299690003_EA", "Regular Price": "None", "Sale Price": "3.49", "Image": "https://assets.shop.loblaws.ca/products/20299690003/b1/en/front/20299690003_front_a01_@2.png", "Brand": "Habitant", "Url": "https://www.maxi.ca/traditional-minestrone-soup/p/20299690003_EA", "Sub Category": null, "English Name": "Traditional Minestrone Soup", "Size": "796 ml", "Size Label": "ea"}, {"Category": "Canned & Pickled ", "Aisle": "Pantry", "Sku": "20326255_EA", "Regular Price": "None", "Sale Price": "3.29", "Image": "https://assets.shop.loblaws.ca/products/20326255/b1/en/front/20326255_front_a01_@2.png", "Brand": "No Name", "Url": "https://www.maxi.ca/dill-pickles-with-garlic/p/20326255_EA", "Sub Category": null, "English Name": "Dill Pickles With Garlic", "Size": "1 l", "Size Label": "ea"}, {"Category": "Canned & Pickled ", "Aisle": "Pantry", "Sku": "20186083005_EA", "Regular Price": "None", "Sale Price": "4.99", "Image": "https://assets.shop.loblaws.ca/products/20186083005/b1/en/front/20186083005_front_a01_@2.png", "Brand": "Bicks", "Url": "https://www.maxi.ca/tangy-no-garlic-baby-dill-pickles/p/20186083005_EA", "Sub Category": null, "English Name": "Tangy No Garlic Baby Dill Pickles", "Size": "1 l", "Size Label": "ea"}, {"Category": "Canned & Pickled ", "Aisle": "Pantry", "Sku": "20158289003_EA", "Regular Price": "None", "Sale Price": "4.99", "Image": "https://assets.shop.loblaws.ca/products/20158289003/b1/en/front/20158289003_front_a01_@2.png", "Brand": "Bicks", "Url": "https://www.maxi.ca/no-garlic-dill-pickles/p/20158289003_EA", "Sub Category": null, "English Name": "No Garlic Dill Pickles", "Size": "1 l", "Size Label": "ea"}, {"Category": "Canned & Pickled ", "Aisle": "Pantry", "Sku": "21024464_EA", "Regular Price": "None", "Sale Price": "1.99", "Image": null, "Brand": "GoldSeal", "Url": "https://www.maxi.ca/sardines-in-spring-water/p/21024464_EA", "Sub Category": null, "English Name": "Sardines In Spring Water   ", "Size": "125 g", "Size Label": "ea"}, {"Category": "Canned & Pickled ", "Aisle": "Pantry", "Sku": "21006860_EA", "Regular Price": "None", "Sale Price": "2.29", "Image": "https://assets.shop.loblaws.ca/products/21006860/b1/en/front/21006860_front_a01_@2.png", "Brand": "Paris P\u00e2t\u00e9", "Url": "https://www.maxi.ca/p-t-ham-veal-bacon/p/21006860_EA", "Sub Category": null, "English Name": "P\u00e2t\u00e9, Ham Veal Bacon", "Size": "78 g", "Size Label": "ea"}, {"Category": "Canned & Pickled ", "Aisle": "Pantry", "Sku": "20298273005_EA", "Regular Price": "3.29", "Sale Price": "2.99", "Image": "https://assets.shop.loblaws.ca/products/20298273005/b1/en/front/20298273005_front_a01_@2.png", "Brand": "Maple Leaf", "Url": "https://www.maxi.ca/flakes-of-chicken-by-maple-leaf/p/20298273005_EA", "Sub Category": null, "English Name": "Flakes of Chicken by Maple Leaf", "Size": "156 g", "Size Label": "ea"}, {"Category": "Canned & Pickled ", "Aisle": "Pantry", "Sku": "21215956_EA", "Regular Price": "None", "Sale Price": "1.49", "Image": "https://assets.shop.loblaws.ca/products/21215956/b1/en/front/21215956_front_a01_@2.png", "Brand": "Aylmer", "Url": "https://www.maxi.ca/condensed-soup-tomato/p/21215956_EA", "Sub Category": null, "English Name": "Condensed Soup Tomato", "Size": "284 ml", "Size Label": "ea"}, {"Category": "Canned & Pickled ", "Aisle": "Pantry", "Sku": "20549485002_EA", "Regular Price": "None", "Sale Price": "2.99", "Image": "https://assets.shop.loblaws.ca/products/20549485002/b1/en/front/20549485002_front_a01_@2.png", "Brand": "Millionnaires", "Url": "https://www.maxi.ca/sardines-mediterranean/p/20549485002_EA", "Sub Category": null, "English Name": "Sardines, Mediterranean", "Size": "106 g", "Size Label": "ea"}, {"Category": "Canned & Pickled ", "Aisle": "Pantry", "Sku": "20319267001_EA", "Regular Price": "None", "Sale Price": "5.79", "Image": "https://assets.shop.loblaws.ca/products/20319267001/b1/en/front/20319267001_front_a01_@2.png", "Brand": "Cordon Bleu", "Url": "https://www.maxi.ca/stew-meatball-potato/p/20319267001_EA", "Sub Category": null, "English Name": "Stew Meatball Potato", "Size": "665 g", "Size Label": "ea"}, {"Category": "Canned & Pickled ", "Aisle": "Pantry", "Sku": "20299690001_EA", "Regular Price": "None", "Sale Price": "3.49", "Image": "https://assets.shop.loblaws.ca/products/20299690001/b1/en/front/20299690001_front_a01_@2.png", "Brand": "Habitant", "Url": "https://www.maxi.ca/french-canadian-pea-soup/p/20299690001_EA", "Sub Category": null, "English Name": "French-Canadian Pea Soup", "Size": "796 ml", "Size Label": "ea"}, {"Category": "Canned & Pickled ", "Aisle": "Pantry", "Sku": "20418665_EA", "Regular Price": "None", "Sale Price": "4.00", "Image": "https://assets.shop.loblaws.ca/products/20418665/b1/en/front/20418665_front_a01_@2.png", "Brand": "PC Splendido", "Url": "https://www.maxi.ca/sliced-sun-dried-tomatoes-in-seasoned-oil/p/20418665_EA", "Sub Category": null, "English Name": "Sliced Sun-Dried Tomatoes In Seasoned Oil", "Size": "270 ml", "Size Label": "ea"}, {"Category": "Canned & Pickled ", "Aisle": "Pantry", "Sku": "20628590002_EA", "Regular Price": "3.49", "Sale Price": "3.29", "Image": "https://assets.shop.loblaws.ca/products/20628590002/b1/en/front/20628590002_front_a01_@2.png", "Brand": "No Name", "Url": "https://www.maxi.ca/mixed-fruit-with-cherries-in-light-syrup/p/20628590002_EA", "Sub Category": null, "English Name": "Mixed Fruit with Cherries in Light Syrup", "Size": "796 ml", "Size Label": "ea"}, {"Category": "Canned & Pickled ", "Aisle": "Pantry", "Sku": "20333251_EA", "Regular Price": "None", "Sale Price": "2.99", "Image": "https://assets.shop.loblaws.ca/products/20333251/b1/en/front/20333251_front_a01_@2.png", "Brand": "President's Choice", "Url": "https://www.maxi.ca/whole-baby-clams/p/20333251_EA", "Sub Category": null, "English Name": "Whole Baby Clams", "Size": "142 g", "Size Label": "ea"}, {"Category": "Canned & Pickled ", "Aisle": "Pantry", "Sku": "21207592_EA", "Regular Price": "None", "Sale Price": "2.79", "Image": "https://assets.shop.loblaws.ca/products/21207592/b1/en/front/21207592_front_a01_@2.png", "Brand": "Aylmer", "Url": "https://www.maxi.ca/diced-tomatoes-with-italian-spices/p/21207592_EA", "Sub Category": null, "English Name": "Diced Tomatoes with Italian Spices", "Size": "796 ml", "Size Label": "ea"}, {"Category": "Canned & Pickled ", "Aisle": "Pantry", "Sku": "21308478_EA", "Regular Price": "None", "Sale Price": "1.69", "Image": "https://assets.shop.loblaws.ca/products/21308478/b1/en/front/21308478_front_a01_@2.png", "Brand": "Clark", "Url": "https://www.maxi.ca/old-fashioned-beans-with-pork/p/21308478_EA", "Sub Category": null, "English Name": "Old Fashioned Beans with Pork", "Size": "398 ml", "Size Label": "ea"}, {"Category": "Canned & Pickled ", "Aisle": "Pantry", "Sku": "21479122_EA", "Regular Price": "None", "Sale Price": "3.69", "Image": "https://assets.shop.loblaws.ca/products/21479122/b1/en/front/21479122_front_a01_@2.png", "Brand": "Campbell's", "Url": "https://www.maxi.ca/cream-of-mushroom-ready-to-serve-soup/p/21479122_EA", "Sub Category": null, "English Name": "Cream of Mushroom Ready to Serve Soup", "Size": "515 ml", "Size Label": "ea"}, {"Category": "Canned & Pickled ", "Aisle": "Pantry", "Sku": "20108564_EA", "Regular Price": "None", "Sale Price": "3.99", "Image": "https://assets.shop.loblaws.ca/products/20108564/b1/en/front/20108564_front_a01_@2.png", "Brand": "VH", "Url": "https://www.maxi.ca/bean-sprouts/p/20108564_EA", "Sub Category": null, "English Name": "Bean Sprouts", "Size": "796 ml", "Size Label": "ea"}, {"Category": "Canned & Pickled ", "Aisle": "Pantry", "Sku": "20299801001_EA", "Regular Price": "None", "Sale Price": "4.79", "Image": "https://assets.shop.loblaws.ca/products/20299801001/b1/en/front/20299801001_front_a01_@2.png", "Brand": "Bicks", "Url": "https://www.maxi.ca/sandwich-savers-tangy-dill-pickles/p/20299801001_EA", "Sub Category": null, "English Name": "Sandwich Savers Tangy Dill Pickles", "Size": "500 ml", "Size Label": "ea"}, {"Category": "Canned & Pickled ", "Aisle": "Pantry", "Sku": "21387846_EA", "Regular Price": "None", "Sale Price": "2.49", "Image": "https://assets.shop.loblaws.ca/products/21387846/b1/en/front/21387846_front_a01_@2.png", "Brand": "Apple Snax", "Url": "https://www.maxi.ca/applesauce-unsweetened/p/21387846_EA", "Sub Category": null, "English Name": "Applesauce Unsweetened", "Size": "620 ml", "Size Label": "ea"}, {"Category": "Canned & Pickled ", "Aisle": "Pantry", "Sku": "20617958_EA", "Regular Price": "2.29", "Sale Price": "1.99", "Image": "https://assets.shop.loblaws.ca/products/20617958/b1/en/front/20617958_front_a01_@2.png", "Brand": "Maple Leaf", "Url": "https://www.maxi.ca/vienna-sausage-by-maple-leaf/p/20617958_EA", "Sub Category": null, "English Name": "Vienna Sausage by Maple Leaf", "Size": "113 g", "Size Label": "ea"}, {"Category": "Canned & Pickled ", "Aisle": "Pantry", "Sku": "21379757_EA", "Regular Price": "None", "Sale Price": "3.00", "Image": "https://assets.shop.loblaws.ca/products/21379757/b1/en/front/21379757_front_a01_@2.png", "Brand": "No Name", "Url": "https://www.maxi.ca/sweetened-apple-sauce/p/21379757_EA", "Sub Category": null, "English Name": "Sweetened Apple Sauce", "Size": "620 ml", "Size Label": "ea"}, {"Category": "Canned & Pickled ", "Aisle": "Pantry", "Sku": "20618885_EA", "Regular Price": "None", "Sale Price": "0.99", "Image": "https://assets.shop.loblaws.ca/products/20618885/b1/en/front/20618885_front_a01_@2.png", "Brand": "No Name", "Url": "https://www.maxi.ca/condensed-tomato-soup/p/20618885_EA", "Sub Category": null, "English Name": "Condensed Tomato Soup", "Size": "284 ml", "Size Label": "ea"}, {"Category": "Canned & Pickled ", "Aisle": "Pantry", "Sku": "21335518_EA", "Regular Price": "None", "Sale Price": "3.59", "Image": "https://assets.shop.loblaws.ca/products/21335518/b1/en/front/21335518_front_a01_@2.png", "Brand": "Millionnaires", "Url": "https://www.maxi.ca/skinless-boneless-sardines-in-sunflower-oil/p/21335518_EA", "Sub Category": null, "English Name": "Skinless Boneless Sardines In Sunflower Oil", "Size": "124 g", "Size Label": "ea"}, {"Category": "Canned & Pickled ", "Aisle": "Pantry", "Sku": "20186083002_EA", "Regular Price": "None", "Sale Price": "4.99", "Image": "https://assets.shop.loblaws.ca/products/20186083002/b1/en/front/20186083002_front_a01_@2.png", "Brand": "Bicks", "Url": "https://www.maxi.ca/50-less-salt-garlic-baby-dill-pickles/p/20186083002_EA", "Sub Category": null, "English Name": "50% Less Salt Garlic Baby Dill Pickles", "Size": "1 l", "Size Label": "ea"}, {"Category": "Canned & Pickled ", "Aisle": "Pantry", "Sku": "20315107002_EA", "Regular Price": "None", "Sale Price": "3.29", "Image": "https://assets.shop.loblaws.ca/products/20315107002/b1/en/front/20315107002_front_a01_@2.png", "Brand": "St Hubert", "Url": "https://www.maxi.ca/chicken-rice-soup/p/20315107002_EA", "Sub Category": null, "English Name": "Chicken & Rice Soup", "Size": "540 ml", "Size Label": "ea"}, {"Category": "Canned & Pickled ", "Aisle": "Pantry", "Sku": "20618823_EA", "Regular Price": "3.49", "Sale Price": "3.29", "Image": "https://assets.shop.loblaws.ca/products/20618823/b1/en/front/20618823_front_a01_@2.png", "Brand": "No Name", "Url": "https://www.maxi.ca/fruit-cocktail-in-light-syrup/p/20618823_EA", "Sub Category": null, "English Name": "Fruit Cocktail in Light Syrup", "Size": "796 ml", "Size Label": "ea"}, {"Category": "Canned & Pickled ", "Aisle": "Pantry", "Sku": "21359524_EA", "Regular Price": "2.69", "Sale Price": "1.99", "Image": "https://assets.shop.loblaws.ca/products/21359524/b1/en/front/21359524_front_a01_@2.png", "Brand": "Cordon Bleu", "Url": "https://www.maxi.ca/sauce-hot-chicken/p/21359524_EA", "Sub Category": null, "English Name": "Sauce Hot Chicken", "Size": "398 ml", "Size Label": "ea"}, {"Category": "Canned & Pickled ", "Aisle": "Pantry", "Sku": "21189891_EA", "Regular Price": "None", "Sale Price": "1.99", "Image": "https://assets.shop.loblaws.ca/products/21189891/b1/en/front/21189891_front_a01_@2.png", "Brand": "PC Blue Menu", "Url": "https://www.maxi.ca/chicken-broth/p/21189891_EA", "Sub Category": null, "English Name": "Chicken Broth", "Size": "900 ml", "Size Label": "ea"}, {"Category": "Canned & Pickled ", "Aisle": "Pantry", "Sku": "20315581004_EA", "Regular Price": "None", "Sale Price": "1.99", "Image": "https://assets.shop.loblaws.ca/products/20315581004/b1/en/front/20315581004_front_a01_@2.png", "Brand": "Clover Leaf", "Url": "https://www.maxi.ca/flaked-light-tuna-sundried-tomato-basil/p/20315581004_EA", "Sub Category": null, "English Name": "Flaked Light Tuna, Sundried Tomato & Basil", "Size": "85 g", "Size Label": "ea"}, {"Category": "Canned & Pickled ", "Aisle": "Pantry", "Sku": "20326358001_EA", "Regular Price": "None", "Sale Price": "3.99", "Image": "https://assets.shop.loblaws.ca/products/20326358001/b1/en/front/20326358001_front_a01_@2.png", "Brand": "Clover Leaf", "Url": "https://www.maxi.ca/solid-white-tuna-albacore-in-water/p/20326358001_EA", "Sub Category": null, "English Name": "Solid White Tuna Albacore in Water", "Size": "170 g", "Size Label": "ea"}, {"Category": "Canned & Pickled ", "Aisle": "Pantry", "Sku": "21031438_EA", "Regular Price": "None", "Sale Price": "1.99", "Image": "https://assets.shop.loblaws.ca/products/21031438/b1/en/front/21031438_front_a01_@2.png", "Brand": "Clover Leaf", "Url": "https://www.maxi.ca/flaked-light-tuna-lemon-ginger-with-sesame/p/21031438_EA", "Sub Category": null, "English Name": "Flaked Light Tuna, Lemon Ginger with Sesame", "Size": "85 g", "Size Label": "ea"}, {"Category": "Canned & Pickled ", "Aisle": "Pantry", "Sku": "20313108_EA", "Regular Price": "None", "Sale Price": "1.99", "Image": "https://assets.shop.loblaws.ca/products/20313108/b1/en/front/20313108_front_a01_@2.png", "Brand": "No Name", "Url": "https://www.maxi.ca/medium-pitted-ripe-olives/p/20313108_EA", "Sub Category": null, "English Name": "Medium Pitted Ripe Olives", "Size": "398 ml", "Size Label": "ea"}, {"Category": "Canned & Pickled ", "Aisle": "Pantry", "Sku": "21378763_EA", "Regular Price": "None", "Sale Price": "6.29", "Image": "https://assets.shop.loblaws.ca/products/21378763/b1/en/front/21378763_front_a01_@2.png", "Brand": "President's Choice", "Url": "https://www.maxi.ca/salmon-sockeye/p/21378763_EA", "Sub Category": null, "English Name": "Salmon Sockeye", "Size": "170 g", "Size Label": "ea"}, {"Category": "Canned & Pickled ", "Aisle": "Pantry", "Sku": "21358323_EA", "Regular Price": "None", "Sale Price": "2.19", "Image": "https://assets.shop.loblaws.ca/products/21358323/b1/en/front/21358323_front_a01_@2.png", "Brand": "Brunswick", "Url": "https://www.maxi.ca/sardine-filets-spring-water/p/21358323_EA", "Sub Category": null, "English Name": "Sardine Filets Spring Water", "Size": "100 g", "Size Label": "ea"}, {"Category": "Canned & Pickled ", "Aisle": "Pantry", "Sku": "20915887_EA", "Regular Price": "None", "Sale Price": "1.99", "Image": "https://assets.shop.loblaws.ca/products/20915887/b1/en/front/20915887_front_a01_@2.png", "Brand": "Ocean's Halo", "Url": "https://www.maxi.ca/flaked-light-tuna-thai-chili/p/20915887_EA", "Sub Category": null, "English Name": "Flaked Light Tuna, Thai Chili  ", "Size": "85 g", "Size Label": "ea"}, {"Category": "Canned & Pickled ", "Aisle": "Pantry", "Sku": "21297599_EA", "Regular Price": "4.50", "Sale Price": "4.29", "Image": "https://assets.shop.loblaws.ca/products/21297599/b1/en/front/21297599_front_a01_@2.png", "Brand": "Dole", "Url": "https://www.maxi.ca/in-light-fruit-juice-syrup-pineapple-chunks/p/21297599_EA", "Sub Category": null, "English Name": "In Light Fruit Juice Syrup Pineapple Chunks", "Size": "540 ml", "Size Label": "ea"}, {"Category": "Canned & Pickled ", "Aisle": "Pantry", "Sku": "21499411_EA", "Regular Price": "None", "Sale Price": "9.49", "Image": "https://assets.shop.loblaws.ca/products/21499411/b1/en/front/21499411_front_a01_@2.png", "Brand": "Pilaros", "Url": "https://www.maxi.ca/olives-stuffed-red-peppers-pitted/p/21499411_EA", "Sub Category": null, "English Name": "Olives Stuffed Red Peppers Pitted", "Size": "1 l", "Size Label": "ea"}, {"Category": "Canned & Pickled ", "Aisle": "Pantry", "Sku": "20313986_EA", "Regular Price": "None", "Sale Price": "6.49", "Image": "https://assets.shop.loblaws.ca/products/20313986/b1/en/front/20313986_front_a01_@2.png", "Brand": "No Name", "Url": "https://www.maxi.ca/dill-pickles-with-garlic/p/20313986_EA", "Sub Category": null, "English Name": "Dill Pickles With Garlic", "Size": "2 l", "Size Label": "ea"}, {"Category": "Canned & Pickled ", "Aisle": "Pantry", "Sku": "21005134_EA", "Regular Price": "None", "Sale Price": "1.99", "Image": "https://assets.shop.loblaws.ca/products/21005134/b1/en/front/21005134_front_a01_@2.png", "Brand": "Ocean's Halo", "Url": "https://www.maxi.ca/light-tuna-chunk-in-water/p/21005134_EA", "Sub Category": null, "English Name": "Light Tuna Chunk in Water", "Size": "170 g", "Size Label": "ea"}, {"Category": "Canned & Pickled ", "Aisle": "Pantry", "Sku": "21024447_EA", "Regular Price": "None", "Sale Price": "2.49", "Image": "https://assets.shop.loblaws.ca/products/21024447/b1/en/front/21024447_front_a01_@2.png", "Brand": "Unico", "Url": "https://www.maxi.ca/crushed-tomatoes-no-salt-added/p/21024447_EA", "Sub Category": null, "English Name": "Crushed Tomatoes. No Salt Added", "Size": "796 ml", "Size Label": "ea"}, {"Category": "Canned & Pickled ", "Aisle": "Pantry", "Sku": "21122805_EA", "Regular Price": "None", "Sale Price": "2.89", "Image": "https://assets.shop.loblaws.ca/products/21122805/b1/en/front/21122805_front_a01_@2.png", "Brand": "Bioitalia", "Url": "https://www.maxi.ca/organic-lentils/p/21122805_EA", "Sub Category": null, "English Name": "Organic Lentils", "Size": "398 ml", "Size Label": "ea"}, {"Category": "Canned & Pickled ", "Aisle": "Pantry", "Sku": "20318426002_EA", "Regular Price": "None", "Sale Price": "2.19", "Image": "https://assets.shop.loblaws.ca/products/20318426002/b1/en/front/20318426002_front_a01_@2.png", "Brand": "Brunswick", "Url": "https://www.maxi.ca/sardine-seafood-snacks-tomato-basil-sauce/p/20318426002_EA", "Sub Category": null, "English Name": "Sardine Seafood Snacks, Tomato & Basil Sauce", "Size": "100 g", "Size Label": "ea"}, {"Category": "Canned & Pickled ", "Aisle": "Pantry", "Sku": "21494949_EA", "Regular Price": "None", "Sale Price": "4.99", "Image": "https://assets.shop.loblaws.ca/products/21494949/b1/en/front/21494949_front_a01_@2.png", "Brand": "Rio Mare", "Url": "https://www.maxi.ca/insalatissime-light-tuna-salad-lentils/p/21494949_EA", "Sub Category": null, "English Name": "Insalatissime Light Tuna Salad Lentils", "Size": "160 g", "Size Label": "ea"}, {"Category": "Canned & Pickled ", "Aisle": "Pantry", "Sku": "20322135010_EA", "Regular Price": "2.00", "Sale Price": "1.69", "Image": "https://assets.shop.loblaws.ca/products/20322135010/b1/en/front/20322135010_front_a01_@2.png", "Brand": "St Hubert", "Url": "https://www.maxi.ca/roast-beef-gravy/p/20322135010_EA", "Sub Category": null, "English Name": "Roast Beef Gravy", "Size": "398 ml", "Size Label": "ea"}, {"Category": "Canned & Pickled ", "Aisle": "Pantry", "Sku": "20136767003_EA", "Regular Price": "2.49", "Sale Price": "1.99", "Image": "https://assets.shop.loblaws.ca/products/20136767003/b1/en/front/20136767003_front_a01_@2.png", "Brand": "Dole", "Url": "https://www.maxi.ca/pineapple-chunks-in-pineapple-juice/p/20136767003_EA", "Sub Category": null, "English Name": "Pineapple Chunks in Pineapple Juice", "Size": "398 ml", "Size Label": "ea"}, {"Category": "Canned & Pickled ", "Aisle": "Pantry", "Sku": "21235336_EA", "Regular Price": "None", "Sale Price": "1.69", "Image": "https://assets.shop.loblaws.ca/products/21235336/b1/en/front/21235336_front_a01_@2.png", "Brand": "Clark", "Url": "https://www.maxi.ca/beans-in-maple-syrup/p/21235336_EA", "Sub Category": null, "English Name": "Beans in Maple Syrup", "Size": "398 ml", "Size Label": "ea"}, {"Category": "Canned & Pickled ", "Aisle": "Pantry", "Sku": "20322135004_EA", "Regular Price": "2.00", "Sale Price": "1.69", "Image": "https://assets.shop.loblaws.ca/products/20322135004/b1/en/front/20322135004_front_a01_@2.png", "Brand": "St Hubert", "Url": "https://www.maxi.ca/pepper-gravy/p/20322135004_EA", "Sub Category": null, "English Name": "Pepper Gravy", "Size": "398 ml", "Size Label": "ea"}, {"Category": "Canned & Pickled ", "Aisle": "Pantry", "Sku": "20299690002_EA", "Regular Price": "None", "Sale Price": "3.49", "Image": "https://assets.shop.loblaws.ca/products/20299690002/b1/en/front/20299690002_front_a01_@2.png", "Brand": "Habitant", "Url": "https://www.maxi.ca/pea-soup-with-smoked-ham/p/20299690002_EA", "Sub Category": null, "English Name": "Pea Soup with Smoked Ham", "Size": "796 ml", "Size Label": "ea"}, {"Category": "Canned & Pickled ", "Aisle": "Pantry", "Sku": "21479186_EA", "Regular Price": "None", "Sale Price": "3.69", "Image": "https://assets.shop.loblaws.ca/products/21479186/b1/en/front/21479186_front_a01_@2.png", "Brand": "Campbell's", "Url": "https://www.maxi.ca/creamy-tomato-ready-to-serve-soup/p/21479186_EA", "Sub Category": null, "English Name": "Creamy Tomato Ready to Serve Soup", "Size": "515 ml", "Size Label": "ea"}, {"Category": "Canned & Pickled ", "Aisle": "Pantry", "Sku": "21297207_EA", "Regular Price": "None", "Sale Price": "4.59", "Image": "https://assets.shop.loblaws.ca/products/21297207/b1/en/front/21297207_front_a01_@2.png", "Brand": "GoldSeal", "Url": "https://www.maxi.ca/pink-salmon-skinless-boneless/p/21297207_EA", "Sub Category": null, "English Name": "Pink Salmon Skinless Boneless", "Size": "120 g", "Size Label": "ea"}, {"Category": "Canned & Pickled ", "Aisle": "Pantry", "Sku": "21378762_EA", "Regular Price": "None", "Sale Price": "3.99", "Image": "https://assets.shop.loblaws.ca/products/21378762/b1/en/front/21378762_front_a01_@2.png", "Brand": "President's Choice", "Url": "https://www.maxi.ca/wild-pacific-pink-salmon-sustainably-sourced/p/21378762_EA", "Sub Category": null, "English Name": "Wild Pacific Pink Salmon, Sustainably Sourced ", "Size": "170 g", "Size Label": "ea"}, {"Category": "Canned & Pickled ", "Aisle": "Pantry", "Sku": "20034188_EA", "Regular Price": "None", "Sale Price": "2.29", "Image": "https://assets.shop.loblaws.ca/products/20034188/b1/en/front/20034188_front_a01_@2.png", "Brand": "PC Blue Menu", "Url": "https://www.maxi.ca/diced-tomatoes/p/20034188_EA", "Sub Category": null, "English Name": "Diced Tomatoes", "Size": "796 ml", "Size Label": "ea"}, {"Category": "Canned & Pickled ", "Aisle": "Pantry", "Sku": "20296567001_EA", "Regular Price": "2.79", "Sale Price": "2.29", "Image": "https://assets.shop.loblaws.ca/products/20296567001/b1/en/front/20296567001_front_a01_@2.png", "Brand": "Del Monte", "Url": "https://www.maxi.ca/peach-slices-water-packed-no-sugar-added/p/20296567001_EA", "Sub Category": null, "English Name": "Peach Slices, Water Packed No Sugar Added    ", "Size": "398 ml", "Size Label": "ea"}, {"Category": "Canned & Pickled ", "Aisle": "Pantry", "Sku": "21186867_EA", "Regular Price": "None", "Sale Price": "4.49", "Image": "https://assets.shop.loblaws.ca/products/21186867/b1/en/front/21186867_front_a01_@2.png", "Brand": "GoldSeal", "Url": "https://www.maxi.ca/wild-pacific-pink-salmon/p/21186867_EA", "Sub Category": null, "English Name": "Wild Pacific Pink Salmon   ", "Size": "213 g", "Size Label": "ea"}, {"Category": "Canned & Pickled ", "Aisle": "Pantry", "Sku": "21242362_EA", "Regular Price": "None", "Sale Price": "2.99", "Image": "https://assets.shop.loblaws.ca/products/21242362/b1/en/front/21242362_front_a01_@2.png", "Brand": "Ocean's Halo", "Url": "https://www.maxi.ca/light-tuna-snack-kit-thai-chili-flavour/p/21242362_EA", "Sub Category": null, "English Name": "Light Tuna Snack Kit, Thai Chili Flavour", "Size": "95 g", "Size Label": "ea"}, {"Category": "Canned & Pickled ", "Aisle": "Pantry", "Sku": "20087448_EA", "Regular Price": "None", "Sale Price": "9.49", "Image": "https://assets.shop.loblaws.ca/products/20087448/b1/en/front/20087448_front_a01_@2.png", "Brand": "Pilaros", "Url": "https://www.maxi.ca/green-olives-with-almonds/p/20087448_EA", "Sub Category": null, "English Name": "Green Olives with Almonds", "Size": "1 l", "Size Label": "ea"}, {"Category": "Canned & Pickled ", "Aisle": "Pantry", "Sku": "21360330_EA", "Regular Price": "None", "Sale Price": "1.49", "Image": "https://assets.shop.loblaws.ca/products/21360330/b1/en/front/21360330_front_a01_@2.png", "Brand": "No Name", "Url": "https://www.maxi.ca/condensed-beef-consomm/p/21360330_EA", "Sub Category": null, "English Name": "Condensed Beef Consomm\u00e9 ", "Size": "284 ml", "Size Label": "ea"}, {"Category": "Canned & Pickled ", "Aisle": "Pantry", "Sku": "20325351001_EA", "Regular Price": "2.69", "Sale Price": "1.99", "Image": "https://assets.shop.loblaws.ca/products/20325351001/b1/en/front/20325351001_front_a01_@2.png", "Brand": "Cordon Bleu", "Url": "https://www.maxi.ca/three-peppercorn-sauce/p/20325351001_EA", "Sub Category": null, "English Name": "Three Peppercorn Sauce", "Size": "284 ml", "Size Label": "ea"}, {"Category": "Canned & Pickled ", "Aisle": "Pantry", "Sku": "21479080_EA", "Regular Price": "None", "Sale Price": "3.69", "Image": "https://assets.shop.loblaws.ca/products/21479080/b1/en/front/21479080_front_a01_@2.png", "Brand": "Campbell's", "Url": "https://www.maxi.ca/new-england-clam-chowder-ready-to-serve-soup/p/21479080_EA", "Sub Category": null, "English Name": "New England Clam Chowder Ready to Serve Soup", "Size": "515 ml", "Size Label": "ea"}, {"Category": "Canned & Pickled ", "Aisle": "Pantry", "Sku": "20322135001_EA", "Regular Price": "2.00", "Sale Price": "1.69", "Image": "https://assets.shop.loblaws.ca/products/20322135001/b1/en/front/20322135001_front_a01_@2.png", "Brand": "St Hubert", "Url": "https://www.maxi.ca/hot-chicken-sandwich-sauce/p/20322135001_EA", "Sub Category": null, "English Name": "Hot Chicken Sandwich Sauce", "Size": "398 ml", "Size Label": "ea"}, {"Category": "Canned & Pickled ", "Aisle": "Pantry", "Sku": "21480519_EA", "Regular Price": "2.50", "Sale Price": "2.00", "Image": "https://assets.shop.loblaws.ca/products/21480519/b1/en/front/21480519_front_a01_@2.png", "Brand": "Campbell's", "Url": "https://www.maxi.ca/chunky-beef/p/21480519_EA", "Sub Category": null, "English Name": "Chunky Beef", "Size": "515 ml", "Size Label": "ea"}, {"Category": "Canned & Pickled ", "Aisle": "Pantry", "Sku": "20324873001_EA", "Regular Price": "None", "Sale Price": "3.49", "Image": "https://assets.shop.loblaws.ca/products/20324873001/b1/en/front/20324873001_front_a01_@2.png", "Brand": "Unico", "Url": "https://www.maxi.ca/black-olives-sliced/p/20324873001_EA", "Sub Category": null, "English Name": "Black Olives, Sliced", "Size": "375 ml", "Size Label": "ea"}, {"Category": "Canned & Pickled ", "Aisle": "Pantry", "Sku": "21097602_EA", "Regular Price": "None", "Sale Price": "1.79", "Image": "https://assets.shop.loblaws.ca/products/21097602/b1/en/front/21097602_front_a01_@2.png", "Brand": "No Name", "Url": "https://www.maxi.ca/pineapple-tidbits-in-pineapple-juice/p/21097602_EA", "Sub Category": null, "English Name": "Pineapple Tidbits in Pineapple Juice", "Size": "540 ml", "Size Label": "ea"}, {"Category": "Canned & Pickled ", "Aisle": "Pantry", "Sku": "20298273003_EA", "Regular Price": "3.29", "Sale Price": "2.99", "Image": "https://assets.shop.loblaws.ca/products/20298273003/b1/en/front/20298273003_front_a01_@2.png", "Brand": "Maple Leaf", "Url": "https://www.maxi.ca/flakes-of-turkey-by-maple-leaf/p/20298273003_EA", "Sub Category": null, "English Name": "Flakes of Turkey by Maple Leaf", "Size": "156 g", "Size Label": "ea"}, {"Category": "Canned & Pickled ", "Aisle": "Pantry", "Sku": "21311162_EA", "Regular Price": "None", "Sale Price": "3.29", "Image": "https://assets.shop.loblaws.ca/products/21311162/b1/en/front/21311162_front_a01_@2.png", "Brand": "Sea Haul", "Url": "https://www.maxi.ca/escargots/p/21311162_EA", "Sub Category": null, "English Name": "Escargots", "Size": "115 g", "Size Label": "ea"}, {"Category": "Canned & Pickled ", "Aisle": "Pantry", "Sku": "20317706_EA", "Regular Price": "None", "Sale Price": "1.25", "Image": "https://assets.shop.loblaws.ca/products/20317706/b1/en/front/20317706_front_a01_@2.png", "Brand": "No Name", "Url": "https://www.maxi.ca/assorted-sizes-cut-wax-beans/p/20317706_EA", "Sub Category": null, "English Name": "Assorted Sizes Cut Wax Beans", "Size": "398 ml", "Size Label": "ea"}, {"Category": "Canned & Pickled ", "Aisle": "Pantry", "Sku": "20315107004_EA", "Regular Price": "None", "Sale Price": "3.29", "Image": "https://assets.shop.loblaws.ca/products/20315107004/b1/en/front/20315107004_front_a01_@2.png", "Brand": "St Hubert", "Url": "https://www.maxi.ca/low-salt-chicken-rice-soup/p/20315107004_EA", "Sub Category": null, "English Name": "Low Salt Chicken & Rice Soup", "Size": "540 ml", "Size Label": "ea"}, {"Category": "Canned & Pickled ", "Aisle": "Pantry", "Sku": "20185228004_EA", "Regular Price": "None", "Sale Price": "1.29", "Image": "https://assets.shop.loblaws.ca/products/20185228004/b1/en/front/20185228004_front_a01_@2.png", "Brand": "No Name", "Url": "https://www.maxi.ca/barbecue-sauce/p/20185228004_EA", "Sub Category": null, "English Name": "Barbecue Sauce", "Size": "398 ml", "Size Label": "ea"}, {"Category": "Canned & Pickled ", "Aisle": "Pantry", "Sku": "21203770_EA", "Regular Price": "None", "Sale Price": "3.79", "Image": "https://assets.shop.loblaws.ca/products/21203770/b1/en/front/21203770_front_a01_@2.png", "Brand": "Tim Hortons", "Url": "https://www.maxi.ca/cream-of-broccoli-soup/p/21203770_EA", "Sub Category": null, "English Name": "Cream of Broccoli Soup", "Size": "540 ml", "Size Label": "ea"}, {"Category": "Canned & Pickled ", "Aisle": "Pantry", "Sku": "21352119_EA", "Regular Price": "None", "Sale Price": "3.79", "Image": "https://assets.shop.loblaws.ca/products/21352119/b1/en/front/21352119_front_a01_@2.png", "Brand": "Tim Hortons", "Url": "https://www.maxi.ca/ready-to-serve-soup-potato-bacon/p/21352119_EA", "Sub Category": null, "English Name": "Ready To Serve Soup Potato Bacon", "Size": "540 ml", "Size Label": "ea"}, {"Category": "Canned & Pickled ", "Aisle": "Pantry", "Sku": "21426948_EA", "Regular Price": "2.79", "Sale Price": "1.49", "Image": "https://assets.shop.loblaws.ca/products/21426948/b1/en/front/21426948_front_a01_@2.png", "Brand": "President's Choice", "Url": "https://www.maxi.ca/plant-based-original-jackfruit/p/21426948_EA", "Sub Category": null, "English Name": "Plant Based Original Jackfruit ", "Size": "300 g", "Size Label": "ea"}, {"Category": "Canned & Pickled ", "Aisle": "Pantry", "Sku": "20175395_EA", "Regular Price": "None", "Sale Price": "2.19", "Image": "https://assets.shop.loblaws.ca/products/20175395/b1/en/front/20175395_front_a01_@2.png", "Brand": "Unico", "Url": "https://www.maxi.ca/black-olives-sliced-ripe/p/20175395_EA", "Sub Category": null, "English Name": "Black Olives, Sliced Ripe", "Size": "200 ml", "Size Label": "ea"}, {"Category": "Canned & Pickled ", "Aisle": "Pantry", "Sku": "20312942_EA", "Regular Price": "1.49", "Sale Price": "1.39", "Image": "https://assets.shop.loblaws.ca/products/20312942/b1/en/front/20312942_front_a01_@2.png", "Brand": "No Name", "Url": "https://www.maxi.ca/six-bean-blend/p/20312942_EA", "Sub Category": null, "English Name": "Six Bean Blend", "Size": "540 ml", "Size Label": "ea"}, {"Category": "Canned & Pickled ", "Aisle": "Pantry", "Sku": "20299801004_EA", "Regular Price": "None", "Sale Price": "4.79", "Image": "https://assets.shop.loblaws.ca/products/20299801004/b1/en/front/20299801004_front_a01_@2.png", "Brand": "Bicks", "Url": "https://www.maxi.ca/sandwich-savers-yum-yum-sweet-pickles/p/20299801004_EA", "Sub Category": null, "English Name": "Sandwich Savers Yum Yum Sweet Pickles", "Size": "500 ml", "Size Label": "ea"}, {"Category": "Canned & Pickled ", "Aisle": "Pantry", "Sku": "21237887_EA", "Regular Price": "None", "Sale Price": "4.49", "Image": "https://assets.shop.loblaws.ca/products/21237887/b1/en/front/21237887_front_a01_@2.png", "Brand": "Tamam", "Url": "https://www.maxi.ca/sliced-pickled-turnips/p/21237887_EA", "Sub Category": null, "English Name": "Sliced Pickled Turnips", "Size": "1 kg", "Size Label": "ea"}, {"Category": "Canned & Pickled ", "Aisle": "Pantry", "Sku": "20129539_EA", "Regular Price": "7.29", "Sale Price": "6.29", "Image": "https://assets.shop.loblaws.ca/products/20129539/b1/en/front/20129539_front_a01_@2.png", "Brand": "Clover Leaf", "Url": "https://www.maxi.ca/crabmeat-chunk/p/20129539_EA", "Sub Category": null, "English Name": "Crabmeat, Chunk", "Size": "120 g", "Size Label": "ea"}, {"Category": "Canned & Pickled ", "Aisle": "Pantry", "Sku": "21178602_EA", "Regular Price": "None", "Sale Price": "3.99", "Image": "https://assets.shop.loblaws.ca/products/21178602/b1/en/front/21178602_front_a01_@2.png", "Brand": "Clover Leaf", "Url": "https://www.maxi.ca/pink-salmon-wild-pacific/p/21178602_EA", "Sub Category": null, "English Name": "Pink Salmon Wild Pacific", "Size": "142 g", "Size Label": "ea"}, {"Category": "Canned & Pickled ", "Aisle": "Pantry", "Sku": "21021175_EA", "Regular Price": "None", "Sale Price": "2.19", "Image": "https://assets.shop.loblaws.ca/products/21021175/b1/en/front/21021175_front_a01_@2.png", "Brand": "Green Giant", "Url": "https://www.maxi.ca/cut-green-beans/p/21021175_EA", "Sub Category": null, "English Name": "Cut Green Beans", "Size": "398 ml", "Size Label": "ea"}, {"Category": "Canned & Pickled ", "Aisle": "Pantry", "Sku": "20315581005_EA", "Regular Price": "None", "Sale Price": "1.99", "Image": "https://assets.shop.loblaws.ca/products/20315581005/b1/en/front/20315581005_front_a01_@2.png", "Brand": "Clover Leaf", "Url": "https://www.maxi.ca/flaked-light-tuna-dill-lemon/p/20315581005_EA", "Sub Category": null, "English Name": "Flaked Light Tuna, Dill & Lemon", "Size": "85 g", "Size Label": "ea"}, {"Category": "Canned & Pickled ", "Aisle": "Pantry", "Sku": "20315581001_EA", "Regular Price": "None", "Sale Price": "1.99", "Image": "https://assets.shop.loblaws.ca/products/20315581001/b1/en/front/20315581001_front_a01_@2.png", "Brand": "Clover Leaf", "Url": "https://www.maxi.ca/flaked-light-tuna-spicy-thai-chili/p/20315581001_EA", "Sub Category": null, "English Name": "Flaked Light Tuna, Spicy Thai Chili", "Size": "85 g", "Size Label": "ea"}, {"Category": "Canned & Pickled ", "Aisle": "Pantry", "Sku": "20149955_EA", "Regular Price": "3.79", "Sale Price": "3.19", "Image": "https://assets.shop.loblaws.ca/products/20149955/b1/en/front/20149955_front_a01_@2.png", "Brand": "Clover Leaf", "Url": "https://www.maxi.ca/clam-juice/p/20149955_EA", "Sub Category": null, "English Name": "Clam Juice", "Size": "236 ml", "Size Label": "ea"}, {"Category": "Canned & Pickled ", "Aisle": "Pantry", "Sku": "20724562_EA", "Regular Price": "3.00", "Sale Price": "2.79", "Image": "https://assets.shop.loblaws.ca/products/20724562/b1/en/front/20724562_front_a01_@2.png", "Brand": "Clover Leaf", "Url": "https://www.maxi.ca/baby-clams-whole-yellow-in-water/p/20724562_EA", "Sub Category": null, "English Name": "Baby Clams, Whole Yellow In Water", "Size": "142 ml", "Size Label": "ea"}, {"Category": "Canned & Pickled ", "Aisle": "Pantry", "Sku": "20618779_EA", "Regular Price": "2.50", "Sale Price": "1.99", "Image": "https://assets.shop.loblaws.ca/products/20618779/b1/en/front/20618779_front_a01_@2.png", "Brand": "Clover Leaf", "Url": "https://www.maxi.ca/oysters-smoked/p/20618779_EA", "Sub Category": null, "English Name": "Oysters, Smoked", "Size": "85 g", "Size Label": "ea"}, {"Category": "Canned & Pickled ", "Aisle": "Pantry", "Sku": "20147754_EA", "Regular Price": "None", "Sale Price": "12.49", "Image": "https://assets.shop.loblaws.ca/products/20147754/b1/en/front/20147754_front_a01_@2.png", "Brand": "Unico", "Url": "https://www.maxi.ca/manzanilla-olives-stuffed-club-pack/p/20147754_EA", "Sub Category": null, "English Name": "Manzanilla Olives, Stuffed Club Pack", "Size": "2 l", "Size Label": "ea"}, {"Category": "Canned & Pickled ", "Aisle": "Pantry", "Sku": "21359647_EA", "Regular Price": "2.69", "Sale Price": "1.99", "Image": "https://assets.shop.loblaws.ca/products/21359647/b1/en/front/21359647_front_a01_@2.png", "Brand": "Cordon Bleu", "Url": "https://www.maxi.ca/sauce-poutine/p/21359647_EA", "Sub Category": null, "English Name": "Sauce Poutine", "Size": "398 ml", "Size Label": "ea"}, {"Category": "Canned & Pickled ", "Aisle": "Pantry", "Sku": "20549363_EA", "Regular Price": "None", "Sale Price": "4.19", "Image": "https://assets.shop.loblaws.ca/products/20549363/b1/en/front/20549363_front_a01_@2.png", "Brand": "Millionnaires", "Url": "https://www.maxi.ca/brisling-sardines-slightly-smoked/p/20549363_EA", "Sub Category": null, "English Name": "Brisling Sardines, Slightly Smoked", "Size": "100 g", "Size Label": "ea"}, {"Category": "Canned & Pickled ", "Aisle": "Pantry", "Sku": "20314805_EA", "Regular Price": "None", "Sale Price": "3.79", "Image": "https://assets.shop.loblaws.ca/products/20314805/b1/en/front/20314805_front_a01_@2.png", "Brand": "President's Choice", "Url": "https://www.maxi.ca/zesty-garlic-deli-sliced-dill-pickles/p/20314805_EA", "Sub Category": null, "English Name": "Zesty Garlic Deli Sliced Dill Pickles", "Size": "500 ml", "Size Label": "ea"}, {"Category": "Canned & Pickled ", "Aisle": "Pantry", "Sku": "20319267003_EA", "Regular Price": "None", "Sale Price": "5.79", "Image": "https://assets.shop.loblaws.ca/products/20319267003/b1/en/front/20319267003_front_a01_@2.png", "Brand": "Cordon Bleu", "Url": "https://www.maxi.ca/meatballs-in-gravy/p/20319267003_EA", "Sub Category": null, "English Name": "Meatballs In Gravy", "Size": "665 g", "Size Label": "ea"}, {"Category": "Canned & Pickled ", "Aisle": "Pantry", "Sku": "20298273002_EA", "Regular Price": "3.29", "Sale Price": "2.99", "Image": "https://assets.shop.loblaws.ca/products/20298273002/b1/en/front/20298273002_front_a01_@2.png", "Brand": "Maple Leaf", "Url": "https://www.maxi.ca/flakes-of-ham-less-salt-by-maple-leaf/p/20298273002_EA", "Sub Category": null, "English Name": "Flakes of Ham, Less Salt by Maple Leaf", "Size": "156 g", "Size Label": "ea"}, {"Category": "Canned & Pickled ", "Aisle": "Pantry", "Sku": "20296567005_EA", "Regular Price": "None", "Sale Price": "2.99", "Image": "https://assets.shop.loblaws.ca/products/20296567005/b1/en/front/20296567005_front_a01_@2.png", "Brand": "Del Monte", "Url": "https://www.maxi.ca/peach-halves-in-juice-fruit-juice/p/20296567005_EA", "Sub Category": null, "English Name": "Peach Halves in Juice Fruit Juice", "Size": "398 ml", "Size Label": "ea"}, {"Category": "Canned & Pickled ", "Aisle": "Pantry", "Sku": "21083414_EA", "Regular Price": "None", "Sale Price": "3.79", "Image": "https://assets.shop.loblaws.ca/products/21083414/b1/en/front/21083414_front_a01_@2.png", "Brand": "GoldSeal", "Url": "https://www.maxi.ca/mackerel-mediterranean-style/p/21083414_EA", "Sub Category": null, "English Name": "Mackerel Mediterranean Style", "Size": "115 g", "Size Label": "ea"}, {"Category": "Canned & Pickled ", "Aisle": "Pantry", "Sku": "21283340_EA", "Regular Price": "None", "Sale Price": "4.19", "Image": "https://assets.shop.loblaws.ca/products/21283340/b1/en/front/21283340_front_a01_@2.png", "Brand": "GoldSeal", "Url": "https://www.maxi.ca/wild-smoked-mackerel-gin-tonic-flavoured/p/21283340_EA", "Sub Category": null, "English Name": "Wild Smoked Mackerel, Gin & Tonic Flavoured ", "Size": "110 g", "Size Label": "ea"}, {"Category": "Canned & Pickled ", "Aisle": "Pantry", "Sku": "20618836_EA", "Regular Price": "None", "Sale Price": "1.99", "Image": "https://assets.shop.loblaws.ca/products/20618836/b1/en/front/20618836_front_a01_@2.png", "Brand": "No Name", "Url": "https://www.maxi.ca/fruit-cocktail-in-mixed-fruit-juice-from-concentra/p/20618836_EA", "Sub Category": null, "English Name": "Fruit Cocktail in Mixed Fruit Juice from Concentrate", "Size": "398 ml", "Size Label": "ea"}, {"Category": "Canned & Pickled ", "Aisle": "Pantry", "Sku": "20080378_EA", "Regular Price": "None", "Sale Price": "5.99", "Image": "https://assets.shop.loblaws.ca/products/20080378/b1/en/front/20080378_front_a01_@2.png", "Brand": "Maple Leaf", "Url": "https://www.maxi.ca/cooked-ham-by-maple-leaf/p/20080378_EA", "Sub Category": null, "English Name": "Cooked Ham by Maple Leaf", "Size": "454 g", "Size Label": "ea"}, {"Category": "Canned & Pickled ", "Aisle": "Pantry", "Sku": "21479199_EA", "Regular Price": "None", "Sale Price": "3.69", "Image": "https://assets.shop.loblaws.ca/products/21479199/b1/en/front/21479199_front_a01_@2.png", "Brand": "Campbell's", "Url": "https://www.maxi.ca/ready-to-serve-soup-broccoli-cheese/p/21479199_EA", "Sub Category": null, "English Name": "Ready To Serve Soup Broccoli Cheese", "Size": "515 ml", "Size Label": "ea"}, {"Category": "Canned & Pickled ", "Aisle": "Pantry", "Sku": "21193896_EA", "Regular Price": "None", "Sale Price": "1.99", "Image": "https://assets.shop.loblaws.ca/products/21193896/b1/en/front/21193896_front_a01_@2.png", "Brand": "President's Choice", "Url": "https://www.maxi.ca/smoked-whole-responsibly-farmed-mussels-in-sunflow/p/21193896_EA", "Sub Category": null, "English Name": "Smoked Whole Responsibly Farmed Mussels In Sunflower Oil", "Size": "85 g", "Size Label": "ea"}, {"Category": "Canned & Pickled ", "Aisle": "Pantry", "Sku": "21494948_EA", "Regular Price": "None", "Sale Price": "4.99", "Image": "https://assets.shop.loblaws.ca/products/21494948/b1/en/front/21494948_front_a01_@2.png", "Brand": "Rio Mare", "Url": "https://www.maxi.ca/insalatissime-light-tuna-salad-chickpeas/p/21494948_EA", "Sub Category": null, "English Name": "Insalatissime Light Tuna Salad Chickpeas", "Size": "160 g", "Size Label": "ea"}, {"Category": "Canned & Pickled ", "Aisle": "Pantry", "Sku": "20549362_EA", "Regular Price": "None", "Sale Price": "2.79", "Image": "https://assets.shop.loblaws.ca/products/20549362/b1/en/front/20549362_front_a01_@2.png", "Brand": "Campbell's", "Url": "https://www.maxi.ca/no-salt-added-beef-broth/p/20549362_EA", "Sub Category": null, "English Name": "No Salt Added Beef Broth", "Size": "900 ml", "Size Label": "ea"}, {"Category": "Canned & Pickled ", "Aisle": "Pantry", "Sku": "21308479_EA", "Regular Price": "None", "Sale Price": "1.69", "Image": "https://assets.shop.loblaws.ca/products/21308479/b1/en/front/21308479_front_a01_@2.png", "Brand": "Clark", "Url": "https://www.maxi.ca/dark-brown-beans-pork/p/21308479_EA", "Sub Category": null, "English Name": "Dark Brown Beans Pork", "Size": "398 ml", "Size Label": "ea"}, {"Category": "Canned & Pickled ", "Aisle": "Pantry", "Sku": "21359708_EA", "Regular Price": "None", "Sale Price": "3.69", "Image": "https://assets.shop.loblaws.ca/products/21359708/b1/en/front/21359708_front_a01_@2.png", "Brand": "Paris P\u00e2t\u00e9", "Url": "https://www.maxi.ca/deviled-ham-pat-with-natural-smoked-flavour/p/21359708_EA", "Sub Category": null, "English Name": "Deviled Ham Pat\u00e9 with Natural Smoked Flavour", "Size": "135 g", "Size Label": "ea"}, {"Category": "Canned & Pickled ", "Aisle": "Pantry", "Sku": "20628585001_EA", "Regular Price": "None", "Sale Price": "1.99", "Image": "https://assets.shop.loblaws.ca/products/20628585001/b1/en/front/20628585001_front_a01_@2.png", "Brand": "No Name", "Url": "https://www.maxi.ca/clingstone-peach-slices-in-juice-from-concentrate/p/20628585001_EA", "Sub Category": null, "English Name": "Clingstone Peach Slices in Juice From Concentrate", "Size": "398 ml", "Size Label": "ea"}, {"Category": "Canned & Pickled ", "Aisle": "Pantry", "Sku": "20306160007_EA", "Regular Price": "4.49", "Sale Price": "3.99", "Image": "https://assets.shop.loblaws.ca/products/20306160007/b1/en/front/20306160007_front_a01_@2.png", "Brand": "Del Monte", "Url": "https://www.maxi.ca/no-sugar-added-peach-slices/p/20306160007_EA", "Sub Category": null, "English Name": "No Sugar Added Peach Slices", "Size": "796 ml", "Size Label": "ea"}, {"Category": "Canned & Pickled ", "Aisle": "Pantry", "Sku": "20144248_EA", "Regular Price": "None", "Sale Price": "2.00", "Image": "https://assets.shop.loblaws.ca/products/20144248/b1/en/front/20144248_front_a01_@2.png", "Brand": "Unico", "Url": "https://www.maxi.ca/capers/p/20144248_EA", "Sub Category": null, "English Name": "Capers", "Size": "125 ml", "Size Label": "ea"}, {"Category": "Canned & Pickled ", "Aisle": "Pantry", "Sku": "20050622_EA", "Regular Price": "None", "Sale Price": "4.99", "Image": "https://assets.shop.loblaws.ca/products/20050622/b1/en/front/20050622_front_a01_@2.png", "Brand": "Hereford", "Url": "https://www.maxi.ca/corned-beef/p/20050622_EA", "Sub Category": null, "English Name": "Corned Beef", "Size": "340 g", "Size Label": "ea"}, {"Category": "Canned & Pickled ", "Aisle": "Pantry", "Sku": "21021226_EA", "Regular Price": "None", "Sale Price": "1.99", "Image": "https://assets.shop.loblaws.ca/products/21021226/b1/en/front/21021226_front_a01_@2.png", "Brand": "Green Giant", "Url": "https://www.maxi.ca/peas-tender/p/21021226_EA", "Sub Category": null, "English Name": "Peas Tender", "Size": "398 ml", "Size Label": "ea"}, {"Category": "Canned & Pickled ", "Aisle": "Pantry", "Sku": "20078466_EA", "Regular Price": "None", "Sale Price": "1.25", "Image": "https://assets.shop.loblaws.ca/products/20078466/b1/en/front/20078466_front_a01_@2.png", "Brand": "No Name", "Url": "https://www.maxi.ca/mandarin-orange-in-light-syrup/p/20078466_EA", "Sub Category": null, "English Name": "Mandarin Orange in Light Syrup", "Size": "284 ml", "Size Label": "ea"}, {"Category": "Canned & Pickled ", "Aisle": "Pantry", "Sku": "20299229_EA", "Regular Price": "None", "Sale Price": "1.99", "Image": "https://assets.shop.loblaws.ca/products/20299229/b1/en/front/20299229_front_a01_@2.png", "Brand": "No Name", "Url": "https://www.maxi.ca/olives-medium-whole-ripe/p/20299229_EA", "Sub Category": null, "English Name": "Olives, Medium, Whole, Ripe", "Size": "398 ml", "Size Label": "ea"}, {"Category": "Canned & Pickled ", "Aisle": "Pantry", "Sku": "21208888_EA", "Regular Price": "None", "Sale Price": "2.69", "Image": "https://assets.shop.loblaws.ca/products/21208888/b1/en/front/21208888_front_a01_@2.png", "Brand": "Aylmer", "Url": "https://www.maxi.ca/tomatoes-accents-italian/p/21208888_EA", "Sub Category": null, "English Name": "Tomatoes Accents Italian", "Size": "540 ml", "Size Label": "ea"}, {"Category": "Canned & Pickled ", "Aisle": "Pantry", "Sku": "20671499_EA", "Regular Price": "None", "Sale Price": "3.79", "Image": "https://assets.shop.loblaws.ca/products/20671499/b1/en/front/20671499_front_a01_@2.png", "Brand": "No Name", "Url": "https://www.maxi.ca/mandarin-orange-segments-in-fruit-juice-from-conce/p/20671499_EA", "Sub Category": null, "English Name": "Mandarin Orange Segments in Fruit Juice From Concentrate", "Size": "540 ml", "Size Label": "ea"}, {"Category": "Canned & Pickled ", "Aisle": "Pantry", "Sku": "20306160002_EA", "Regular Price": "4.49", "Sale Price": "3.99", "Image": "https://assets.shop.loblaws.ca/products/20306160002/b1/en/front/20306160002_front_a01_@2.png", "Brand": "Del Monte", "Url": "https://www.maxi.ca/very-cherry/p/20306160002_EA", "Sub Category": null, "English Name": "Very Cherry", "Size": "796 ml", "Size Label": "ea"}, {"Category": "Canned & Pickled ", "Aisle": "Pantry", "Sku": "20437663_EA", "Regular Price": "None", "Sale Price": "4.00", "Image": "https://assets.shop.loblaws.ca/products/20437663/b1/en/front/20437663_front_a01_@2.png", "Brand": "PC Splendido", "Url": "https://www.maxi.ca/sun-dried-tomatoes-in-seasoned-oil/p/20437663_EA", "Sub Category": null, "English Name": "Sun-Dried Tomatoes in Seasoned Oil", "Size": "270 ml", "Size Label": "ea"}, {"Category": "Canned & Pickled ", "Aisle": "Pantry", "Sku": "20618890_EA", "Regular Price": "3.49", "Sale Price": "3.29", "Image": "https://assets.shop.loblaws.ca/products/20618890/b1/en/front/20618890_front_a01_@2.png", "Brand": "No Name", "Url": "https://www.maxi.ca/clingstone-peach-slices-in-light-syrup/p/20618890_EA", "Sub Category": null, "English Name": "Clingstone Peach Slices in Light Syrup", "Size": "796 ml", "Size Label": "ea"}, {"Category": "Canned & Pickled ", "Aisle": "Pantry", "Sku": "20652676002_EA", "Regular Price": "2.00", "Sale Price": "1.69", "Image": "https://assets.shop.loblaws.ca/products/20652676002/b1/en/front/20652676002_front_a01_@2.png", "Brand": "St Hubert", "Url": "https://www.maxi.ca/reduced-salt-pepper-gravy-less-salt/p/20652676002_EA", "Sub Category": null, "English Name": "Reduced Salt Pepper Gravy, Less Salt", "Size": "398 ml", "Size Label": "ea"}, {"Category": "Canned & Pickled ", "Aisle": "Pantry", "Sku": "20148493002_EA", "Regular Price": "None", "Sale Price": "1.49", "Image": "https://assets.shop.loblaws.ca/products/20148493002/b1/en/front/20148493002_front_a01_@2.png", "Brand": "No Name", "Url": "https://www.maxi.ca/sliced-white-potatoes/p/20148493002_EA", "Sub Category": null, "English Name": "Sliced White Potatoes", "Size": "540 ml", "Size Label": "ea"}, {"Category": "Canned & Pickled ", "Aisle": "Pantry", "Sku": "20315107001_EA", "Regular Price": "None", "Sale Price": "3.29", "Image": "https://assets.shop.loblaws.ca/products/20315107001/b1/en/front/20315107001_front_a01_@2.png", "Brand": "St Hubert", "Url": "https://www.maxi.ca/chicken-noodle-soup/p/20315107001_EA", "Sub Category": null, "English Name": "Chicken Noodle Soup", "Size": "540 ml", "Size Label": "ea"}, {"Category": "Canned & Pickled ", "Aisle": "Pantry", "Sku": "20252539_EA", "Regular Price": "None", "Sale Price": "1.49", "Image": "https://assets.shop.loblaws.ca/products/20252539/b1/en/front/20252539_front_a01_@2.png", "Brand": "No Name", "Url": "https://www.maxi.ca/condensed-cream-of-chicken-soup/p/20252539_EA", "Sub Category": null, "English Name": "Condensed Cream of Chicken Soup", "Size": "284 ml", "Size Label": "ea"}, {"Category": "Canned & Pickled ", "Aisle": "Pantry", "Sku": "21308477_EA", "Regular Price": "None", "Sale Price": "1.69", "Image": "https://assets.shop.loblaws.ca/products/21308477/b1/en/front/21308477_front_a01_@2.png", "Brand": "Clark", "Url": "https://www.maxi.ca/beans-with-tomato-sauce/p/21308477_EA", "Sub Category": null, "English Name": "Beans with Tomato Sauce", "Size": "398 ml", "Size Label": "ea"}, {"Category": "Canned & Pickled ", "Aisle": "Pantry", "Sku": "20322135007_EA", "Regular Price": "2.00", "Sale Price": "1.69", "Image": "https://assets.shop.loblaws.ca/products/20322135007/b1/en/front/20322135007_front_a01_@2.png", "Brand": "St Hubert", "Url": "https://www.maxi.ca/bbq-sauce-reduced-salt/p/20322135007_EA", "Sub Category": null, "English Name": "BBQ Sauce, Reduced Salt", "Size": "398 ml", "Size Label": "ea"}, {"Category": "Canned & Pickled ", "Aisle": "Pantry", "Sku": "21359708_EA", "Regular Price": "None", "Sale Price": "3.69", "Image": "https://assets.shop.loblaws.ca/products/21359708/b1/en/front/21359708_front_a01_@2.png", "Brand": "Paris P\u00e2t\u00e9", "Url": "https://www.maxi.ca/deviled-ham-pat-with-natural-smoked-flavour/p/21359708_EA", "Sub Category": null, "English Name": "Deviled Ham Pat\u00e9 with Natural Smoked Flavour", "Size": "135 g", "Size Label": "ea"}, {"Category": "Canned & Pickled ", "Aisle": "Pantry", "Sku": "20628585001_EA", "Regular Price": "None", "Sale Price": "1.99", "Image": "https://assets.shop.loblaws.ca/products/20628585001/b1/en/front/20628585001_front_a01_@2.png", "Brand": "No Name", "Url": "https://www.maxi.ca/clingstone-peach-slices-in-juice-from-concentrate/p/20628585001_EA", "Sub Category": null, "English Name": "Clingstone Peach Slices in Juice From Concentrate", "Size": "398 ml", "Size Label": "ea"}, {"Category": "Canned & Pickled ", "Aisle": "Pantry", "Sku": "20296658_EA", "Regular Price": "None", "Sale Price": "2.79", "Image": "https://assets.shop.loblaws.ca/products/20296658/b1/en/front/20296658_front_a01_@2.png", "Brand": "Campbell's", "Url": "https://www.maxi.ca/condensed-homestyle-tomato-soup/p/20296658_EA", "Sub Category": null, "English Name": "Condensed Homestyle Tomato Soup", "Size": "284 ml", "Size Label": "ea"}, {"Category": "Canned & Pickled ", "Aisle": "Pantry", "Sku": "21026914_EA", "Regular Price": "None", "Sale Price": "3.29", "Image": "https://assets.shop.loblaws.ca/products/21026914/b1/en/front/21026914_front_a01_@2.png", "Brand": "St Hubert", "Url": "https://www.maxi.ca/cream-of-leek-and-chicken-soup/p/21026914_EA", "Sub Category": null, "English Name": "Cream of Leek and Chicken Soup", "Size": "540 ml", "Size Label": "ea"}, {"Category": "Canned & Pickled ", "Aisle": "Pantry", "Sku": "20993959_EA", "Regular Price": "2.00", "Sale Price": "1.69", "Image": "https://assets.shop.loblaws.ca/products/20993959/b1/en/front/20993959_front_a01_@2.png", "Brand": "St Hubert", "Url": "https://www.maxi.ca/poutine-gravy-smoked-bacon/p/20993959_EA", "Sub Category": null, "English Name": "Poutine Gravy, Smoked Bacon", "Size": "398 ml", "Size Label": "ea"}, {"Category": "Canned & Pickled ", "Aisle": "Pantry", "Sku": "20984234_EA", "Regular Price": "None", "Sale Price": "4.99", "Image": "https://assets.shop.loblaws.ca/products/20984234/b1/en/front/20984234_front_a01_@2.png", "Brand": "Rio Mare", "Url": "https://www.maxi.ca/tuna-in-olive-oil/p/20984234_EA", "Sub Category": null, "English Name": "Tuna in Olive Oil", "Size": "160 g", "Size Label": "ea"}, {"Category": "Canned & Pickled ", "Aisle": "Pantry", "Sku": "21178552_EA", "Regular Price": "None", "Sale Price": "5.00", "Image": "https://assets.shop.loblaws.ca/products/21178552/b1/en/front/21178552_front_a01_@2.png", "Brand": "Clover Leaf", "Url": "https://www.maxi.ca/sockeye-salmon-wild-red-pacific/p/21178552_EA", "Sub Category": null, "English Name": "Sockeye Salmon Wild Red Pacific", "Size": "142 g", "Size Label": "ea"}, {"Category": "Canned & Pickled ", "Aisle": "Pantry", "Sku": "20617497_EA", "Regular Price": "2.50", "Sale Price": "1.99", "Image": "https://assets.shop.loblaws.ca/products/20617497/b1/en/front/20617497_front_a01_@2.png", "Brand": "Clover Leaf", "Url": "https://www.maxi.ca/mussels-smoked/p/20617497_EA", "Sub Category": null, "English Name": "Mussels, Smoked", "Size": "85 g", "Size Label": "ea"}, {"Category": "Canned & Pickled ", "Aisle": "Pantry", "Sku": "20004022_EA", "Regular Price": "4.19", "Sale Price": "3.79", "Image": "https://assets.shop.loblaws.ca/products/20004022/b1/en/front/20004022_front_a01_@2.png", "Brand": "Clover Leaf", "Url": "https://www.maxi.ca/cocktail-shrimp/p/20004022_EA", "Sub Category": null, "English Name": "Cocktail Shrimp", "Size": "106 g", "Size Label": "ea"}, {"Category": "Canned & Pickled ", "Aisle": "Pantry", "Sku": "20315581002_EA", "Regular Price": "None", "Sale Price": "1.99", "Image": "https://assets.shop.loblaws.ca/products/20315581002/b1/en/front/20315581002_front_a01_@2.png", "Brand": "Clover Leaf", "Url": "https://www.maxi.ca/solid-light-tuna-in-olive-oil/p/20315581002_EA", "Sub Category": null, "English Name": "Solid Light Tuna, In Olive Oil", "Size": "85 g", "Size Label": "ea"}, {"Category": "Canned & Pickled ", "Aisle": "Pantry", "Sku": "20167571_EA", "Regular Price": "None", "Sale Price": "3.99", "Image": "https://assets.shop.loblaws.ca/products/20167571/b1/en/front/20167571_front_a01_@2.png", "Brand": "Clover Leaf", "Url": "https://www.maxi.ca/albacore-tuna-white-flake-in-water/p/20167571_EA", "Sub Category": null, "English Name": "Albacore Tuna White Flake in Water", "Size": "170 g", "Size Label": "ea"}, {"Category": "Canned & Pickled ", "Aisle": "Pantry", "Sku": "20796169_EA", "Regular Price": "2.50", "Sale Price": "1.99", "Image": "https://assets.shop.loblaws.ca/products/20796169/b1/en/front/20796169_front_a01_@2.png", "Brand": "Clover Leaf", "Url": "https://www.maxi.ca/smoked-oysters-with-spicy-chili/p/20796169_EA", "Sub Category": null, "English Name": "Smoked Oysters with Spicy Chili", "Size": "85 g", "Size Label": "ea"}, {"Category": "Canned & Pickled ", "Aisle": "Pantry", "Sku": "20152082002_EA", "Regular Price": "None", "Sale Price": "5.29", "Image": "https://assets.shop.loblaws.ca/products/20152082002/b1/en/front/20152082002_front_a01_@2.png", "Brand": "Habitant", "Url": "https://www.maxi.ca/pickled-whole-baby-beets/p/20152082002_EA", "Sub Category": null, "English Name": "Pickled Whole Baby Beets", "Size": "500 ml", "Size Label": "ea"}, {"Category": "Canned & Pickled ", "Aisle": "Pantry", "Sku": "20114943_EA", "Regular Price": "6.29", "Sale Price": "5.99", "Image": "https://assets.shop.loblaws.ca/products/20114943/b1/en/front/20114943_front_a01_@2.png", "Brand": "Unico", "Url": "https://www.maxi.ca/manzanilla-olives-stuffed/p/20114943_EA", "Sub Category": null, "English Name": "Manzanilla Olives, Stuffed", "Size": "750 ml", "Size Label": "ea"}, {"Category": "Canned & Pickled ", "Aisle": "Pantry", "Sku": "20130996_EA", "Regular Price": "None", "Sale Price": "4.00", "Image": "https://assets.shop.loblaws.ca/products/20130996/b1/en/front/20130996_front_a01_@2.png", "Brand": "No Name", "Url": "https://www.maxi.ca/wine-sauerkraut/p/20130996_EA", "Sub Category": null, "English Name": "Wine Sauerkraut", "Size": "1 l", "Size Label": "ea"}, {"Category": "Canned & Pickled ", "Aisle": "Pantry", "Sku": "20312587_EA", "Regular Price": "None", "Sale Price": "1.25", "Image": "https://assets.shop.loblaws.ca/products/20312587/b1/en/front/20312587_front_a01_@2.png", "Brand": "No Name", "Url": "https://www.maxi.ca/mixed-vegetables/p/20312587_EA", "Sub Category": null, "English Name": "Mixed Vegetables", "Size": "398 ml", "Size Label": "ea"}, {"Category": "Canned & Pickled ", "Aisle": "Pantry", "Sku": "21411100_EA", "Regular Price": "None", "Sale Price": "2.00", "Image": "https://assets.shop.loblaws.ca/products/21411100/b1/en/front/21411100_front_a01_@2.png", "Brand": "PC Organics", "Url": "https://www.maxi.ca/bean-medley/p/21411100_EA", "Sub Category": null, "English Name": "Bean Medley", "Size": "398 ml", "Size Label": "ea"}, {"Category": "Canned & Pickled ", "Aisle": "Pantry", "Sku": "20323294_EA", "Regular Price": "None", "Sale Price": "1.99", "Image": "https://assets.shop.loblaws.ca/products/20323294/b1/en/front/20323294_front_a01_@2.png", "Brand": "No Name", "Url": "https://www.maxi.ca/sliced-ripe-olives/p/20323294_EA", "Sub Category": null, "English Name": "Sliced Ripe Olives", "Size": "398 ml", "Size Label": "ea"}, {"Category": "Canned & Pickled ", "Aisle": "Pantry", "Sku": "20080771_EA", "Regular Price": "None", "Sale Price": "5.99", "Image": "https://assets.shop.loblaws.ca/products/20080771/b1/en/front/20080771_front_a01_@2.png", "Brand": "GoldSeal", "Url": "https://www.maxi.ca/pink-salmon/p/20080771_EA", "Sub Category": null, "English Name": "Pink Salmon", "Size": "418 g", "Size Label": "ea"}, {"Category": "Canned & Pickled ", "Aisle": "Pantry", "Sku": "20322348005_EA", "Regular Price": "None", "Sale Price": "2.79", "Image": "https://assets.shop.loblaws.ca/products/20322348005/b1/en/front/20322348005_front_a01_@2.png", "Brand": "Campbell's", "Url": "https://www.maxi.ca/vegetable-broth/p/20322348005_EA", "Sub Category": null, "English Name": "Vegetable Broth", "Size": "900 ml", "Size Label": "ea"}, {"Category": "Canned & Pickled ", "Aisle": "Pantry", "Sku": "20529153_EA", "Regular Price": "None", "Sale Price": "3.49", "Image": "https://assets.shop.loblaws.ca/products/20529153/b1/en/front/20529153_front_a01_@2.png", "Brand": "President's Choice", "Url": "https://www.maxi.ca/wild-albacore-flaked-white-tuna/p/20529153_EA", "Sub Category": null, "English Name": "Wild Albacore Flaked White Tuna", "Size": "170 g", "Size Label": "ea"}, {"Category": "Canned & Pickled ", "Aisle": "Pantry", "Sku": "20022893002_EA", "Regular Price": "2.69", "Sale Price": "1.99", "Image": "https://assets.shop.loblaws.ca/products/20022893002/b1/en/front/20022893002_front_a01_@2.png", "Brand": "Ocean Spray", "Url": "https://www.maxi.ca/cranberry-sauce-jellied/p/20022893002_EA", "Sub Category": null, "English Name": "Cranberry Sauce, Jellied", "Size": "348 ml", "Size Label": "ea"}, {"Category": "Canned & Pickled ", "Aisle": "Pantry", "Sku": "21360537_EA", "Regular Price": "2.69", "Sale Price": "1.99", "Image": "https://assets.shop.loblaws.ca/products/21360537/b1/en/front/21360537_front_a01_@2.png", "Brand": "Cordon Bleu", "Url": "https://www.maxi.ca/hot-chicken-sauce/p/21360537_EA", "Sub Category": null, "English Name": "Hot Chicken Sauce", "Size": "398 ml", "Size Label": "ea"}, {"Category": "Canned & Pickled ", "Aisle": "Pantry", "Sku": "20297246004_EA", "Regular Price": "None", "Sale Price": "2.79", "Image": "https://assets.shop.loblaws.ca/products/20297246004/b1/en/front/20297246004_front_a01_@2.png", "Brand": "Campbell's", "Url": "https://www.maxi.ca/condensed-cream-of-celery-soup/p/20297246004_EA", "Sub Category": null, "English Name": "Condensed Cream Of Celery Soup", "Size": "284 ml", "Size Label": "ea"}, {"Category": "Canned & Pickled ", "Aisle": "Pantry", "Sku": "20993168_EA", "Regular Price": "None", "Sale Price": "3.29", "Image": "https://assets.shop.loblaws.ca/products/20993168/b1/en/front/20993168_front_a01_@2.png", "Brand": "St Hubert", "Url": "https://www.maxi.ca/reduced-salt-cream-of-chicken-soup-les-salt/p/20993168_EA", "Sub Category": null, "English Name": "Reduced Salt Cream Of Chicken Soup, Les Salt", "Size": "540 ml", "Size Label": "ea"}, {"Category": "Canned & Pickled ", "Aisle": "Pantry", "Sku": "20035383_EA", "Regular Price": "7.49", "Sale Price": "5.79", "Image": "https://assets.shop.loblaws.ca/products/20035383/b1/en/front/20035383_front_a01_@2.png", "Brand": "Rio Mare", "Url": "https://www.maxi.ca/tuna-solid-light-in-olive-oil/p/20035383_EA", "Sub Category": null, "English Name": "Tuna, Solid Light In Olive Oil", "Size": "3x80.0 g", "Size Label": "ea"}, {"Category": "Canned & Pickled ", "Aisle": "Pantry", "Sku": "21215952_EA", "Regular Price": "None", "Sale Price": "1.49", "Image": "https://assets.shop.loblaws.ca/products/21215952/b1/en/front/21215952_front_a01_@2.png", "Brand": "Aylmer", "Url": "https://www.maxi.ca/condensed-soup-cream-of-mushroom/p/21215952_EA", "Sub Category": null, "English Name": "Condensed Soup Cream of Mushroom", "Size": "284 ml", "Size Label": "ea"}, {"Category": "Canned & Pickled ", "Aisle": "Pantry", "Sku": "20318426003_EA", "Regular Price": "None", "Sale Price": "2.19", "Image": "https://assets.shop.loblaws.ca/products/20318426003/b1/en/front/20318426003_front_a01_@2.png", "Brand": "Brunswick", "Url": "https://www.maxi.ca/seafood-snacks-golden-smoked/p/20318426003_EA", "Sub Category": null, "English Name": "Seafood Snacks, Golden Smoked", "Size": "92 g", "Size Label": "ea"}, {"Category": "Canned & Pickled ", "Aisle": "Pantry", "Sku": "20306160005_EA", "Regular Price": "4.49", "Sale Price": "3.99", "Image": "https://assets.shop.loblaws.ca/products/20306160005/b1/en/front/20306160005_front_a01_@2.png", "Brand": "Del Monte", "Url": "https://www.maxi.ca/no-sugar-added-fruit-cocktail/p/20306160005_EA", "Sub Category": null, "English Name": "No Sugar Added Fruit Cocktail", "Size": "796 ml", "Size Label": "ea"}, {"Category": "Canned & Pickled ", "Aisle": "Pantry", "Sku": "21347245_EA", "Regular Price": "None", "Sale Price": "2.79", "Image": "https://assets.shop.loblaws.ca/products/21347245/b1/en/front/21347245_front_a01_@2.png", "Brand": "Campbell's", "Url": "https://www.maxi.ca/concentrated-chicken-broth/p/21347245_EA", "Sub Category": null, "English Name": "Concentrated Chicken Broth", "Size": "250 ml", "Size Label": "ea"}, {"Category": "Canned & Pickled ", "Aisle": "Pantry", "Sku": "20618220_EA", "Regular Price": "5.49", "Sale Price": "5.00", "Image": "https://assets.shop.loblaws.ca/products/20618220/b1/en/front/20618220_front_a01_@2.png", "Brand": "The Extreme Bean", "Url": "https://www.maxi.ca/pickled-beans-hot-spicy/p/20618220_EA", "Sub Category": null, "English Name": "Pickled Beans, Hot & Spicy", "Size": "500 ml", "Size Label": "ea"}, {"Category": "Canned & Pickled ", "Aisle": "Pantry", "Sku": "21081491_EA", "Regular Price": "None", "Sale Price": "3.49", "Image": "https://assets.shop.loblaws.ca/products/21081491/b1/en/front/21081491_front_a01_@2.png", "Brand": "President's Choice", "Url": "https://www.maxi.ca/sustainably-sourced-wild-albacore-solid-white-tuna/p/21081491_EA", "Sub Category": null, "English Name": "Sustainably Sourced Wild Albacore Solid White Tuna", "Size": "170 g", "Size Label": "ea"}, {"Category": "Canned & Pickled ", "Aisle": "Pantry", "Sku": "21403994_EA", "Regular Price": "None", "Sale Price": "2.00", "Image": "https://assets.shop.loblaws.ca/products/21403994/b1/en/front/21403994_front_a01_@2.png", "Brand": "PC Organics", "Url": "https://www.maxi.ca/red-kidney-beans/p/21403994_EA", "Sub Category": null, "English Name": "Red Kidney Beans", "Size": "398 ml", "Size Label": "ea"}, {"Category": "Canned & Pickled ", "Aisle": "Pantry", "Sku": "20146102002_EA", "Regular Price": "None", "Sale Price": "2.29", "Image": "https://assets.shop.loblaws.ca/products/20146102002/b1/en/front/20146102002_front_a01_@2.png", "Brand": "Pastene", "Url": "https://www.maxi.ca/ground-peeled-tomatoes/p/20146102002_EA", "Sub Category": null, "English Name": "Ground Peeled Tomatoes", "Size": "796 ml", "Size Label": "ea"}, {"Category": "Canned & Pickled ", "Aisle": "Pantry", "Sku": "21209839_EA", "Regular Price": "None", "Sale Price": "2.79", "Image": "https://assets.shop.loblaws.ca/products/21209839/b1/en/front/21209839_front_a01_@2.png", "Brand": "Aylmer", "Url": "https://www.maxi.ca/tomatoes-crushed/p/21209839_EA", "Sub Category": null, "English Name": "Tomatoes, Crushed", "Size": "796 ml", "Size Label": "ea"}, {"Category": "Canned & Pickled ", "Aisle": "Pantry", "Sku": "20705902_EA", "Regular Price": "None", "Sale Price": "2.79", "Image": "https://assets.shop.loblaws.ca/products/20705902/b1/en/front/20705902_front_a01_@2.png", "Brand": "Campbell's", "Url": "https://www.maxi.ca/no-salt-added-vegetable-broth/p/20705902_EA", "Sub Category": null, "English Name": "No Salt Added Vegetable Broth", "Size": "900 ml", "Size Label": "ea"}, {"Category": "Canned & Pickled ", "Aisle": "Pantry", "Sku": "20301273_EA", "Regular Price": "None", "Sale Price": "1.25", "Image": "https://assets.shop.loblaws.ca/products/20301273/b1/en/front/20301273_front_a01_@2.png", "Brand": "No Name", "Url": "https://www.maxi.ca/broken-mandarin-orange-segments-in-light-syrup/p/20301273_EA", "Sub Category": null, "English Name": "Broken Mandarin Orange Segments in Light Syrup", "Size": "284 ml", "Size Label": "ea"}, {"Category": "Canned & Pickled ", "Aisle": "Pantry", "Sku": "21403943_EA", "Regular Price": "None", "Sale Price": "2.00", "Image": "https://assets.shop.loblaws.ca/products/21403943/b1/en/front/21403943_front_a01_@2.png", "Brand": "PC Organics", "Url": "https://www.maxi.ca/black-beans/p/21403943_EA", "Sub Category": null, "English Name": "Black Beans", "Size": "398 ml", "Size Label": "ea"}, {"Category": "Canned & Pickled ", "Aisle": "Pantry", "Sku": "20971501_EA", "Regular Price": "None", "Sale Price": "4.99", "Image": "https://assets.shop.loblaws.ca/products/20971501/b1/en/front/20971501_front_a01_@2.png", "Brand": "Rio Mare", "Url": "https://www.maxi.ca/tuna-salad-with-corn/p/20971501_EA", "Sub Category": null, "English Name": "Tuna Salad with Corn", "Size": "160 g", "Size Label": "ea"}, {"Category": "Canned & Pickled ", "Aisle": "Pantry", "Sku": "20297246003_EA", "Regular Price": "None", "Sale Price": "2.79", "Image": "https://assets.shop.loblaws.ca/products/20297246003/b1/en/front/20297246003_front_a01_@2.png", "Brand": "Campbell's", "Url": "https://www.maxi.ca/broth-consomm/p/20297246003_EA", "Sub Category": null, "English Name": "Broth, Consomm\u00e9", "Size": "284 ml", "Size Label": "ea"}, {"Category": "Canned & Pickled ", "Aisle": "Pantry", "Sku": "20322242003_EA", "Regular Price": "None", "Sale Price": "2.19", "Image": "https://assets.shop.loblaws.ca/products/20322242003/b1/en/front/20322242003_front_a01_@2.png", "Brand": "Brunswick", "Url": "https://www.maxi.ca/sardines-tomato-sauce/p/20322242003_EA", "Sub Category": null, "English Name": "Sardines, Tomato Sauce", "Size": "106 g", "Size Label": "ea"}, {"Category": "Canned & Pickled ", "Aisle": "Pantry", "Sku": "20022893001_EA", "Regular Price": "2.69", "Sale Price": "1.99", "Image": "https://assets.shop.loblaws.ca/products/20022893001/b1/en/front/20022893001_front_a01_@2.png", "Brand": "Ocean Spray", "Url": "https://www.maxi.ca/cranberry-sauce-whole-berry/p/20022893001_EA", "Sub Category": null, "English Name": "Cranberry Sauce, Whole Berry", "Size": "348 ml", "Size Label": "ea"}, {"Category": "Canned & Pickled ", "Aisle": "Pantry", "Sku": "21154450_EA", "Regular Price": "None", "Sale Price": "2.49", "Image": "https://assets.shop.loblaws.ca/products/21154450/b1/en/front/21154450_front_a01_@2.png", "Brand": "RO TEL", "Url": "https://www.maxi.ca/diced-tomatoes-original/p/21154450_EA", "Sub Category": null, "English Name": "Diced Tomatoes, Original", "Size": "283 g", "Size Label": "ea"}, {"Category": "Canned & Pickled ", "Aisle": "Pantry", "Sku": "20322135002_EA", "Regular Price": "2.00", "Sale Price": "1.69", "Image": "https://assets.shop.loblaws.ca/products/20322135002/b1/en/front/20322135002_front_a01_@2.png", "Brand": "St Hubert", "Url": "https://www.maxi.ca/bar-b-q-sauce/p/20322135002_EA", "Sub Category": null, "English Name": "Bar-B-Q Sauce", "Size": "398 ml", "Size Label": "ea"}, {"Category": "Canned & Pickled ", "Aisle": "Pantry", "Sku": "20041626_EA", "Regular Price": "None", "Sale Price": "3.29", "Image": "https://assets.shop.loblaws.ca/products/20041626/b1/en/front/20041626_front_a01_@2.png", "Brand": "No Name", "Url": "https://www.maxi.ca/whole-artichoke-hearts/p/20041626_EA", "Sub Category": null, "English Name": "Whole Artichoke Hearts", "Size": "398 ml", "Size Label": "ea"}, {"Category": "Canned & Pickled ", "Aisle": "Pantry", "Sku": "21479030_EA", "Regular Price": "None", "Sale Price": "3.69", "Image": "https://assets.shop.loblaws.ca/products/21479030/b1/en/front/21479030_front_a01_@2.png", "Brand": "Campbell's", "Url": "https://www.maxi.ca/italian-wedding-ready-to-serve-soup/p/21479030_EA", "Sub Category": null, "English Name": "Italian Wedding Ready to Serve Soup ", "Size": "515 ml", "Size Label": "ea"}, {"Category": "Canned & Pickled ", "Aisle": "Pantry", "Sku": "20312728001_EA", "Regular Price": "None", "Sale Price": "2.29", "Image": "https://assets.shop.loblaws.ca/products/20312728001/b1/en/front/20312728001_front_a01_@2.png", "Brand": "No Name", "Url": "https://www.maxi.ca/flakes-of-ham/p/20312728001_EA", "Sub Category": null, "English Name": "Flakes of Ham", "Size": "142 g", "Size Label": "ea"}, {"Category": "Canned & Pickled ", "Aisle": "Pantry", "Sku": "20707829_EA", "Regular Price": "None", "Sale Price": "1.49", "Image": "https://assets.shop.loblaws.ca/products/20707829/b1/en/front/20707829_front_a01_@2.png", "Brand": "Aylmer", "Url": "https://www.maxi.ca/soup-tomato/p/20707829_EA", "Sub Category": null, "English Name": "Soup Tomato", "Size": "284 ml", "Size Label": "ea"}, {"Category": "Canned & Pickled ", "Aisle": "Pantry", "Sku": "20299690004_EA", "Regular Price": "None", "Sale Price": "3.49", "Image": "https://assets.shop.loblaws.ca/products/20299690004/b1/en/front/20299690004_front_a01_@2.png", "Brand": "Habitant", "Url": "https://www.maxi.ca/garden-style-vegetable-soup/p/20299690004_EA", "Sub Category": null, "English Name": "Garden Style Vegetable Soup", "Size": "796 ml", "Size Label": "ea"}, {"Category": "Canned & Pickled ", "Aisle": "Pantry", "Sku": "21308480_EA", "Regular Price": "4.99", "Sale Price": "3.49", "Image": "https://assets.shop.loblaws.ca/products/21308480/b1/en/front/21308480_front_a01_@2.png", "Brand": "Cordon Bleu", "Url": "https://www.maxi.ca/meatballs-in-gravy-original/p/21308480_EA", "Sub Category": null, "English Name": "Meatballs in Gravy Original ", "Size": "410 g", "Size Label": "ea"}, {"Category": "Canned & Pickled ", "Aisle": "Pantry", "Sku": "21298248_EA", "Regular Price": "1.79", "Sale Price": "1.49", "Image": "https://assets.shop.loblaws.ca/products/21298248/b1/en/front/21298248_front_a01_@2.png", "Brand": "Ravine", "Url": "https://www.maxi.ca/canned-mushrooms/p/21298248_EA", "Sub Category": null, "English Name": "Canned Mushrooms", "Size": "284 ml", "Size Label": "ea"}, {"Category": "Canned & Pickled ", "Aisle": "Pantry", "Sku": "20299690006_EA", "Regular Price": "None", "Sale Price": "3.49", "Image": "https://assets.shop.loblaws.ca/products/20299690006/b1/en/front/20299690006_front_a01_@2.png", "Brand": "Habitant", "Url": "https://www.maxi.ca/country-style-chicken-rice-soup/p/20299690006_EA", "Sub Category": null, "English Name": "Country Style Chicken Rice Soup", "Size": "796 ml", "Size Label": "ea"}, {"Category": "Canned & Pickled ", "Aisle": "Pantry", "Sku": "21335520_EA", "Regular Price": "None", "Sale Price": "3.59", "Image": "https://assets.shop.loblaws.ca/products/21335520/b1/en/front/21335520_front_a01_@2.png", "Brand": "Millionnaires", "Url": "https://www.maxi.ca/skinless-boneless-sardines-in-water/p/21335520_EA", "Sub Category": null, "English Name": "Skinless Boneless Sardines In Water", "Size": "124 g", "Size Label": "ea"}, {"Category": "Canned & Pickled ", "Aisle": "Pantry", "Sku": "20186083003_EA", "Regular Price": "None", "Sale Price": "4.99", "Image": "https://assets.shop.loblaws.ca/products/20186083003/b1/en/front/20186083003_front_a01_@2.png", "Brand": "Bicks", "Url": "https://www.maxi.ca/yum-yum-sweet-pickles/p/20186083003_EA", "Sub Category": null, "English Name": "Yum Yum Sweet Pickles", "Size": "1 l", "Size Label": "ea"}, {"Category": "Canned & Pickled ", "Aisle": "Pantry", "Sku": "21359568_EA", "Regular Price": "2.69", "Sale Price": "1.99", "Image": "https://assets.shop.loblaws.ca/products/21359568/b1/en/front/21359568_front_a01_@2.png", "Brand": "Cordon Bleu", "Url": "https://www.maxi.ca/bar-b-q-sauce/p/21359568_EA", "Sub Category": null, "English Name": "Bar-B-Q Sauce", "Size": "398 ml", "Size Label": "ea"}, {"Category": "Canned & Pickled ", "Aisle": "Pantry", "Sku": "20113745_EA", "Regular Price": "2.49", "Sale Price": "2.19", "Image": "https://assets.shop.loblaws.ca/products/20113745/b1/en/front/20113745_front_a01_@2.png", "Brand": "Unico", "Url": "https://www.maxi.ca/tuna-solid-light/p/20113745_EA", "Sub Category": null, "English Name": "Tuna, Solid Light", "Size": "198 g", "Size Label": "ea"}, {"Category": "Canned & Pickled ", "Aisle": "Pantry", "Sku": "21385586_EA", "Regular Price": "None", "Sale Price": "8.49", "Image": "https://assets.shop.loblaws.ca/products/21385586/b1/en/front/21385586_front_a01_@2.png", "Brand": "Rio Mare", "Url": "https://www.maxi.ca/in-brine-salmon-fillet/p/21385586_EA", "Sub Category": null, "English Name": "In Brine Salmon Fillet", "Size": "125 g", "Size Label": "ea"}, {"Category": "Canned & Pickled ", "Aisle": "Pantry", "Sku": "20081306_EA", "Regular Price": "None", "Sale Price": "0.99", "Image": "https://assets.shop.loblaws.ca/products/20081306/b1/en/front/20081306_front_a01_@2.png", "Brand": "No Name", "Url": "https://www.maxi.ca/condensed-vegetable-soup/p/20081306_EA", "Sub Category": null, "English Name": "Condensed Vegetable Soup", "Size": "284 ml", "Size Label": "ea"}, {"Category": "Canned & Pickled ", "Aisle": "Pantry", "Sku": "20325263_EA", "Regular Price": "None", "Sale Price": "3.29", "Image": "https://assets.shop.loblaws.ca/products/20325263/b1/en/front/20325263_front_a01_@2.png", "Brand": "No Name", "Url": "https://www.maxi.ca/polskie-og-rki-dill-pickles/p/20325263_EA", "Sub Category": null, "English Name": "Polskie Og\u00f3rki Dill Pickles", "Size": "1 l", "Size Label": "ea"}, {"Category": "Canned & Pickled ", "Aisle": "Pantry", "Sku": "20129555_EA", "Regular Price": "None", "Sale Price": "3.49", "Image": "https://assets.shop.loblaws.ca/products/20129555/b1/en/front/20129555_front_a01_@2.png", "Brand": "President's Choice", "Url": "https://www.maxi.ca/whole-sweet-red-peppers/p/20129555_EA", "Sub Category": null, "English Name": "Whole Sweet Red Peppers", "Size": "300 ml", "Size Label": "ea"}, {"Category": "Canned & Pickled ", "Aisle": "Pantry", "Sku": "20018117001_EA", "Regular Price": "None", "Sale Price": "1.99", "Image": "https://assets.shop.loblaws.ca/products/20018117001/b1/en/front/20018117001_front_a01_@2.png", "Brand": "Clover Leaf", "Url": "https://www.maxi.ca/chunk-light-tuna-skip-jack-in-water/p/20018117001_EA", "Sub Category": null, "English Name": "Chunk Light Tuna, Skip Jack In Water", "Size": "170 g", "Size Label": "ea"}, {"Category": "Spices & Seasonings", "Aisle": "Pantry", "Sku": "20889881_EA", "Regular Price": "None", "Sale Price": "1.25", "Image": "https://assets.shop.loblaws.ca/products/20889881/b1/en/front/20889881_front_a01_@2.png", "Brand": "No Name", "Url": "https://www.maxi.ca/breadsticks-and-cheese-processed-cheese-product/p/20889881_EA", "Sub Category": null, "English Name": "Breadsticks and Cheese, Processed Cheese Product", "Size": "3x29.0 g", "Size Label": "ea"}, {"Category": "Spices & Seasonings", "Aisle": "Pantry", "Sku": "20617758_EA", "Regular Price": "None", "Sale Price": "2.49", "Image": "https://assets.shop.loblaws.ca/products/20617758/b1/en/front/20617758_front_a01_@2.png", "Brand": "No Name", "Url": "https://www.maxi.ca/garlic-powder/p/20617758_EA", "Sub Category": null, "English Name": "Garlic Powder", "Size": "150 g", "Size Label": "ea"}, {"Category": "Spices & Seasonings", "Aisle": "Pantry", "Sku": "20123251_EA", "Regular Price": "None", "Sale Price": "3.00", "Image": "https://assets.shop.loblaws.ca/products/20123251/b1/en/front/20123251_front_a01_@2.png", "Brand": "No Name", "Url": "https://www.maxi.ca/chopped-garlic/p/20123251_EA", "Sub Category": null, "English Name": "Chopped Garlic", "Size": "250 g", "Size Label": "ea"}, {"Category": "Spices & Seasonings", "Aisle": "Pantry", "Sku": "20619627_EA", "Regular Price": "None", "Sale Price": "2.49", "Image": "https://assets.shop.loblaws.ca/products/20619627/b1/en/front/20619627_front_a01_@2.png", "Brand": "No Name", "Url": "https://www.maxi.ca/oregano-leaves/p/20619627_EA", "Sub Category": null, "English Name": "Oregano Leaves", "Size": "30 g", "Size Label": "ea"}, {"Category": "Spices & Seasonings", "Aisle": "Pantry", "Sku": "20618072_EA", "Regular Price": "None", "Sale Price": "2.49", "Image": "https://assets.shop.loblaws.ca/products/20618072/b1/en/front/20618072_front_a01_@2.png", "Brand": "No Name", "Url": "https://www.maxi.ca/paprika/p/20618072_EA", "Sub Category": null, "English Name": "Paprika", "Size": "150 g", "Size Label": "ea"}, {"Category": "Spices & Seasonings", "Aisle": "Pantry", "Sku": "20617736_EA", "Regular Price": "None", "Sale Price": "2.49", "Image": "https://assets.shop.loblaws.ca/products/20617736/b1/en/front/20617736_front_a01_@2.png", "Brand": "No Name", "Url": "https://www.maxi.ca/onion-powder/p/20617736_EA", "Sub Category": null, "English Name": "Onion Powder", "Size": "150 g", "Size Label": "ea"}, {"Category": "Spices & Seasonings", "Aisle": "Pantry", "Sku": "20618677_EA", "Regular Price": "None", "Sale Price": "3.29", "Image": "https://assets.shop.loblaws.ca/products/20618677/b1/en/front/20618677_front_a01_@2.png", "Brand": "No Name", "Url": "https://www.maxi.ca/ground-cinnamon/p/20618677_EA", "Sub Category": null, "English Name": "Ground Cinnamon", "Size": "150 g", "Size Label": "ea"}, {"Category": "Spices & Seasonings", "Aisle": "Pantry", "Sku": "20618784_EA", "Regular Price": "None", "Sale Price": "2.49", "Image": "https://assets.shop.loblaws.ca/products/20618784/b1/en/front/20618784_front_a01_@2.png", "Brand": "No Name", "Url": "https://www.maxi.ca/parsley-flakes/p/20618784_EA", "Sub Category": null, "English Name": "Parsley Flakes", "Size": "15 g", "Size Label": "ea"}, {"Category": "Spices & Seasonings", "Aisle": "Pantry", "Sku": "20617953_EA", "Regular Price": "None", "Sale Price": "2.99", "Image": "https://assets.shop.loblaws.ca/products/20617953/b1/en/front/20617953_front_a01_@2.png", "Brand": "No Name", "Url": "https://www.maxi.ca/bay-leaves/p/20617953_EA", "Sub Category": null, "English Name": "Bay Leaves", "Size": "20 g", "Size Label": "ea"}, {"Category": "Spices & Seasonings", "Aisle": "Pantry", "Sku": "20618086_EA", "Regular Price": "None", "Sale Price": "3.79", "Image": "https://assets.shop.loblaws.ca/products/20618086/b1/en/front/20618086_front_a01_@2.png", "Brand": "No Name", "Url": "https://www.maxi.ca/ground-black-pepper/p/20618086_EA", "Sub Category": null, "English Name": "Ground Black Pepper", "Size": "150 g", "Size Label": "ea"}, {"Category": "Spices & Seasonings", "Aisle": "Pantry", "Sku": "20582708_EA", "Regular Price": "None", "Sale Price": "3.00", "Image": "https://assets.shop.loblaws.ca/products/20582708/b1/en/front/20582708_front_a01_@2.png", "Brand": "PC Black Label", "Url": "https://www.maxi.ca/panko/p/20582708_EA", "Sub Category": null, "English Name": "Panko", "Size": "227 g", "Size Label": "ea"}, {"Category": "Spices & Seasonings", "Aisle": "Pantry", "Sku": "20318460002_EA", "Regular Price": "None", "Sale Price": "6.29", "Image": "https://assets.shop.loblaws.ca/products/20318460002/b1/en/front/20318460002_front_a01_@2.png", "Brand": "Kraft", "Url": "https://www.maxi.ca/shake-n-bake-crispy-chicken-coating-mix/p/20318460002_EA", "Sub Category": null, "English Name": "Shake'n Bake Crispy Chicken Coating Mix", "Size": "152 g", "Size Label": "ea"}, {"Category": "Spices & Seasonings", "Aisle": "Pantry", "Sku": "21122657_EA", "Regular Price": "None", "Sale Price": "2.79", "Image": "https://assets.shop.loblaws.ca/products/21122657/b1/en/front/21122657_front_a01_@2.png", "Brand": "No Name", "Url": "https://www.maxi.ca/extra-crispy-coating-mix/p/21122657_EA", "Sub Category": null, "English Name": "Extra Crispy Coating Mix ", "Size": "152 g", "Size Label": "ea"}, {"Category": "Spices & Seasonings", "Aisle": "Pantry", "Sku": "20026128001_EA", "Regular Price": "None", "Sale Price": "3.49", "Image": "https://assets.shop.loblaws.ca/products/20026128001/b1/en/front/20026128001_front_a01_@2.png", "Brand": "Windsor", "Url": "https://www.maxi.ca/sea-salt-fine/p/20026128001_EA", "Sub Category": null, "English Name": "Sea Salt, Fine", "Size": "500 g", "Size Label": "ea"}, {"Category": "Spices & Seasonings", "Aisle": "Pantry", "Sku": "21106011_EA", "Regular Price": "None", "Sale Price": "3.00", "Image": "https://assets.shop.loblaws.ca/products/21106011/b1/en/front/21106011_front_a01_@2.png", "Brand": "No Name", "Url": "https://www.maxi.ca/kosher-salt/p/21106011_EA", "Sub Category": null, "English Name": "Kosher Salt", "Size": "1.36 kg", "Size Label": "ea"}, {"Category": "Spices & Seasonings", "Aisle": "Pantry", "Sku": "20184061_EA", "Regular Price": "None", "Sale Price": "5.29", "Image": "https://assets.shop.loblaws.ca/products/20184061/b1/en/front/20184061_front_a01_@2.png", "Brand": "Aurora", "Url": "https://www.maxi.ca/italian-style-bread-crumbs-with-italian-romano-che/p/20184061_EA", "Sub Category": null, "English Name": "Italian Style Bread Crumbs with Italian Romano Cheese", "Size": "680 g", "Size Label": "ea"}, {"Category": "Spices & Seasonings", "Aisle": "Pantry", "Sku": "20618775_EA", "Regular Price": "None", "Sale Price": "3.49", "Image": "https://assets.shop.loblaws.ca/products/20618775/b1/en/front/20618775_front_a01_@2.png", "Brand": "No Name", "Url": "https://www.maxi.ca/black-peppercorns/p/20618775_EA", "Sub Category": null, "English Name": "Black Peppercorns", "Size": "125 g", "Size Label": "ea"}, {"Category": "Spices & Seasonings", "Aisle": "Pantry", "Sku": "20069696_EA", "Regular Price": "None", "Sale Price": "4.29", "Image": "https://assets.shop.loblaws.ca/products/20069696/b1/en/front/20069696_front_a01_@2.png", "Brand": "Kikkoman", "Url": "https://www.maxi.ca/panko-bread-crumbs/p/20069696_EA", "Sub Category": null, "English Name": "Panko Bread Crumbs", "Size": "227 g", "Size Label": "ea"}, {"Category": "Spices & Seasonings", "Aisle": "Pantry", "Sku": "20114725_EA", "Regular Price": "None", "Sale Price": "7.99", "Image": "https://assets.shop.loblaws.ca/products/20114725/b1/en/front/20114725_front_a01_@2.png", "Brand": "No Name", "Url": "https://www.maxi.ca/garlic-powder-club-size/p/20114725_EA", "Sub Category": null, "English Name": "Garlic Powder Club Size", "Size": "700 g", "Size Label": "ea"}, {"Category": "Spices & Seasonings", "Aisle": "Pantry", "Sku": "20142463_EA", "Regular Price": "None", "Sale Price": "4.29", "Image": "https://assets.shop.loblaws.ca/products/20142463/b1/en/front/20142463_front_a01_@2.png", "Brand": "Derlea", "Url": "https://www.maxi.ca/garlic-minced/p/20142463_EA", "Sub Category": null, "English Name": "Garlic, Minced", "Size": "250 g", "Size Label": "ea"}, {"Category": "Spices & Seasonings", "Aisle": "Pantry", "Sku": "20312279001_EA", "Regular Price": "None", "Sale Price": "1.69", "Image": "https://assets.shop.loblaws.ca/products/20312279001/b1/en/front/20312279001_front_a01_@2.png", "Brand": "Aurora", "Url": "https://www.maxi.ca/mediterranean-seas-salts-fine/p/20312279001_EA", "Sub Category": null, "English Name": "Mediterranean Seas Salts, Fine", "Size": "1 kg", "Size Label": "ea"}, {"Category": "Spices & Seasonings", "Aisle": "Pantry", "Sku": "20169031001_EA", "Regular Price": "None", "Sale Price": "3.99", "Image": "https://assets.shop.loblaws.ca/products/20169031001/b1/en/front/20169031001_front_a01_@2.png", "Brand": "President's Choice", "Url": "https://www.maxi.ca/memories-of-sicilia-fine-sea-salts/p/20169031001_EA", "Sub Category": null, "English Name": "Memories Of Sicilia Fine Sea Salts", "Size": "750 g", "Size Label": "ea"}, {"Category": "Spices & Seasonings", "Aisle": "Pantry", "Sku": "20572734_EA", "Regular Price": "None", "Sale Price": "3.00", "Image": "https://assets.shop.loblaws.ca/products/20572734/b1/en/front/20572734_front_a01_@2.png", "Brand": "PC Black Label", "Url": "https://www.maxi.ca/seasoned-panko-bread-crumbs/p/20572734_EA", "Sub Category": null, "English Name": "Seasoned Panko Bread Crumbs", "Size": "227 g", "Size Label": "ea"}, {"Category": "Spices & Seasonings", "Aisle": "Pantry", "Sku": "20126203_EA", "Regular Price": "None", "Sale Price": "1.49", "Image": "https://assets.shop.loblaws.ca/products/20126203/b1/en/front/20126203_front_a01_@2.png", "Brand": "Windsor", "Url": "https://www.maxi.ca/iodized-table-salt/p/20126203_EA", "Sub Category": null, "English Name": "Iodized Table Salt", "Size": "1 kg", "Size Label": "ea"}, {"Category": "Spices & Seasonings", "Aisle": "Pantry", "Sku": "21122661_EA", "Regular Price": "None", "Sale Price": "2.79", "Image": "https://assets.shop.loblaws.ca/products/21122661/b1/en/front/21122661_front_a01_@2.png", "Brand": "No Name", "Url": "https://www.maxi.ca/southern-fried-style-coating-mix/p/21122661_EA", "Sub Category": null, "English Name": "Southern Fried-Style Coating Mix ", "Size": "142 g", "Size Label": "ea"}, {"Category": "Spices & Seasonings", "Aisle": "Pantry", "Sku": "20321740001_EA", "Regular Price": "None", "Sale Price": "6.29", "Image": "https://assets.shop.loblaws.ca/products/20321740001/b1/en/front/20321740001_front_a01_@2.png", "Brand": "Club House", "Url": "https://www.maxi.ca/la-grille-montreal-steak-spice-seasoning/p/20321740001_EA", "Sub Category": null, "English Name": "La Grille, Montreal Steak Spice Seasoning", "Size": "188 g", "Size Label": "ea"}, {"Category": "Spices & Seasonings", "Aisle": "Pantry", "Sku": "21122663_EA", "Regular Price": "None", "Sale Price": "2.79", "Image": "https://assets.shop.loblaws.ca/products/21122663/b1/en/front/21122663_front_a01_@2.png", "Brand": "No Name", "Url": "https://www.maxi.ca/original-coating-mix/p/21122663_EA", "Sub Category": null, "English Name": "Original Coating Mix ", "Size": "142 g", "Size Label": "ea"}, {"Category": "Spices & Seasonings", "Aisle": "Pantry", "Sku": "20051643_EA", "Regular Price": "None", "Sale Price": "6.99", "Image": "https://assets.shop.loblaws.ca/products/20051643/b1/en/front/20051643_front_a01_@2.png", "Brand": "President's Choice", "Url": "https://www.maxi.ca/tellicherry-black-peppercorns/p/20051643_EA", "Sub Category": null, "English Name": "Tellicherry Black Peppercorns ", "Size": "180 g", "Size Label": "ea"}, {"Category": "Spices & Seasonings", "Aisle": "Pantry", "Sku": "20308006002_EA", "Regular Price": "None", "Sale Price": "6.49", "Image": "https://assets.shop.loblaws.ca/products/20308006002/b1/en/front/20308006002_front_a01_@2.png", "Brand": "Club House", "Url": "https://www.maxi.ca/signature-blends-italiano/p/20308006002_EA", "Sub Category": null, "English Name": "Signature, Blends Italiano", "Size": "123 g", "Size Label": "ea"}, {"Category": "Spices & Seasonings", "Aisle": "Pantry", "Sku": "20630647_EA", "Regular Price": "None", "Sale Price": "4.99", "Image": "https://assets.shop.loblaws.ca/products/20630647/b1/en/front/20630647_front_a01_@2.png", "Brand": "Dion", "Url": "https://www.maxi.ca/sumac-powder/p/20630647_EA", "Sub Category": null, "English Name": "Sumac Powder", "Size": "42 g", "Size Label": "ea"}, {"Category": "Spices & Seasonings", "Aisle": "Pantry", "Sku": "20102145_EA", "Regular Price": "None", "Sale Price": "3.49", "Image": "https://assets.shop.loblaws.ca/products/20102145/b1/en/front/20102145_front_a01_@2.png", "Brand": "Dion", "Url": "https://www.maxi.ca/lemon-peel/p/20102145_EA", "Sub Category": null, "English Name": "Lemon Peel", "Size": "30 g", "Size Label": "ea"}, {"Category": "Spices & Seasonings", "Aisle": "Pantry", "Sku": "20836037001_EA", "Regular Price": "None", "Sale Price": "5.99", "Image": "https://assets.shop.loblaws.ca/products/20836037001/b1/en/front/20836037001_front_a01_@2.png", "Brand": "Jardiniere", "Url": "https://www.maxi.ca/bruschettaaah-spice/p/20836037001_EA", "Sub Category": null, "English Name": "Bruschettaaah Spice     ", "Size": "180 g", "Size Label": "ea"}, {"Category": "Spices & Seasonings", "Aisle": "Pantry", "Sku": "20040055_EA", "Regular Price": "None", "Sale Price": "4.69", "Image": "https://assets.shop.loblaws.ca/products/20040055/b1/en/front/20040055_front_a01_@2.png", "Brand": "Dion", "Url": "https://www.maxi.ca/spaghetti-sauce-spices/p/20040055_EA", "Sub Category": null, "English Name": "Spaghetti Sauce Spices    ", "Size": "122 g", "Size Label": "ea"}, {"Category": "Spices & Seasonings", "Aisle": "Pantry", "Sku": "21021828_EA", "Regular Price": "None", "Sale Price": "5.49", "Image": "https://assets.shop.loblaws.ca/products/21021828/b1/en/front/21021828_front_a01_@2.png", "Brand": "No Name", "Url": "https://www.maxi.ca/dehydrated-chopped-onion/p/21021828_EA", "Sub Category": null, "English Name": "Dehydrated Chopped Onion", "Size": "300 g", "Size Label": "ea"}, {"Category": "Spices & Seasonings", "Aisle": "Pantry", "Sku": "20172150_EA", "Regular Price": "None", "Sale Price": "3.79", "Image": "https://assets.shop.loblaws.ca/products/20172150/b1/en/front/20172150_front_a01_@2.png", "Brand": "Derlea", "Url": "https://www.maxi.ca/ginger-minced/p/20172150_EA", "Sub Category": null, "English Name": "Ginger, Minced", "Size": "120 g", "Size Label": "ea"}, {"Category": "Spices & Seasonings", "Aisle": "Pantry", "Sku": "20188118_EA", "Regular Price": "None", "Sale Price": "2.99", "Image": "https://assets.shop.loblaws.ca/products/20188118/b1/en/front/20188118_front_a01_@2.png", "Brand": "Dion", "Url": "https://www.maxi.ca/international-blend-cretons-spice-mix/p/20188118_EA", "Sub Category": null, "English Name": "International Blend Cretons Spice Mix", "Size": "50 g", "Size Label": "ea"}, {"Category": "Spices & Seasonings", "Aisle": "Pantry", "Sku": "21438314_EA", "Regular Price": "None", "Sale Price": "7.29", "Image": "https://assets.shop.loblaws.ca/products/21438314/b1/en/front/21438314_front_a01_@2.png", "Brand": "Weber", "Url": "https://www.maxi.ca/garlic-parmesan-seasoning/p/21438314_EA", "Sub Category": null, "English Name": "Garlic Parmesan Seasoning", "Size": "122 g", "Size Label": "ea"}, {"Category": "Spices & Seasonings", "Aisle": "Pantry", "Sku": "20117593_EA", "Regular Price": "None", "Sale Price": "3.69", "Image": "https://assets.shop.loblaws.ca/products/20117593/b1/en/front/20117593_front_a01_@2.png", "Brand": "Dion", "Url": "https://www.maxi.ca/whole-cloves/p/20117593_EA", "Sub Category": null, "English Name": "Whole Cloves", "Size": "27 g", "Size Label": "ea"}, {"Category": "Spices & Seasonings", "Aisle": "Pantry", "Sku": "20632059_EA", "Regular Price": "None", "Sale Price": "5.79", "Image": "https://assets.shop.loblaws.ca/products/20632059/b1/en/front/20632059_front_a01_@2.png", "Brand": "Dion", "Url": "https://www.maxi.ca/spanish-smoked-sweet-paprika/p/20632059_EA", "Sub Category": null, "English Name": "Spanish Smoked Sweet Paprika", "Size": "36 g", "Size Label": "ea"}, {"Category": "Spices & Seasonings", "Aisle": "Pantry", "Sku": "20169654_EA", "Regular Price": "None", "Sale Price": "3.49", "Image": "https://assets.shop.loblaws.ca/products/20169654/b1/en/front/20169654_front_a01_@2.png", "Brand": "Dion", "Url": "https://www.maxi.ca/parsley/p/20169654_EA", "Sub Category": null, "English Name": "Parsley", "Size": "12 g", "Size Label": "ea"}, {"Category": "Spices & Seasonings", "Aisle": "Pantry", "Sku": "20128197_EA", "Regular Price": "None", "Sale Price": "5.29", "Image": "https://assets.shop.loblaws.ca/products/20128197/b1/en/front/20128197_front_a01_@2.png", "Brand": "Dion", "Url": "https://www.maxi.ca/ground-nutmeg/p/20128197_EA", "Sub Category": null, "English Name": "Ground Nutmeg", "Size": "39 g", "Size Label": "ea"}, {"Category": "Spices & Seasonings", "Aisle": "Pantry", "Sku": "20162370_EA", "Regular Price": "None", "Sale Price": "3.69", "Image": "https://assets.shop.loblaws.ca/products/20162370/b1/en/front/20162370_front_a01_@2.png", "Brand": "Dion", "Url": "https://www.maxi.ca/ground-cloves/p/20162370_EA", "Sub Category": null, "English Name": "Ground Cloves", "Size": "35 g", "Size Label": "ea"}, {"Category": "Spices & Seasonings", "Aisle": "Pantry", "Sku": "20026128002_EA", "Regular Price": "None", "Sale Price": "3.49", "Image": "https://assets.shop.loblaws.ca/products/20026128002/b1/en/front/20026128002_front_a01_@2.png", "Brand": "Windsor", "Url": "https://www.maxi.ca/coarse-sea-salt/p/20026128002_EA", "Sub Category": null, "English Name": "Coarse Sea Salt", "Size": "500 g", "Size Label": "ea"}, {"Category": "Spices & Seasonings", "Aisle": "Pantry", "Sku": "20110873_EA", "Regular Price": "None", "Sale Price": "2.99", "Image": "https://assets.shop.loblaws.ca/products/20110873/b1/en/front/20110873_front_a01_@2.png", "Brand": "Dion", "Url": "https://www.maxi.ca/ground-coriander/p/20110873_EA", "Sub Category": null, "English Name": "Ground Coriander", "Size": "25 g", "Size Label": "ea"}, {"Category": "Spices & Seasonings", "Aisle": "Pantry", "Sku": "20074983_EA", "Regular Price": "None", "Sale Price": "6.29", "Image": "https://assets.shop.loblaws.ca/products/20074983/b1/en/front/20074983_front_a01_@2.png", "Brand": "Dion", "Url": "https://www.maxi.ca/peppercorn-4-mix/p/20074983_EA", "Sub Category": null, "English Name": "Peppercorn 4 Mix", "Size": "78 g", "Size Label": "ea"}, {"Category": "Spices & Seasonings", "Aisle": "Pantry", "Sku": "20320556002_EA", "Regular Price": "None", "Sale Price": "6.29", "Image": "https://assets.shop.loblaws.ca/products/20320556002/b1/en/front/20320556002_front_a01_@2.png", "Brand": "Club House", "Url": "https://www.maxi.ca/la-grille-salt-free-chicken-seasoning/p/20320556002_EA", "Sub Category": null, "English Name": "La Grille, Salt Free Chicken Seasoning", "Size": "131 g", "Size Label": "ea"}, {"Category": "Spices & Seasonings", "Aisle": "Pantry", "Sku": "20152032_EA", "Regular Price": "None", "Sale Price": "4.79", "Image": "https://assets.shop.loblaws.ca/products/20152032/b1/en/front/20152032_front_a01_@2.png", "Brand": "President's Choice", "Url": "https://www.maxi.ca/black-peppercorns/p/20152032_EA", "Sub Category": null, "English Name": "Black Peppercorns", "Size": "48 g", "Size Label": "ea"}, {"Category": "Spices & Seasonings", "Aisle": "Pantry", "Sku": "20707925_EA", "Regular Price": "None", "Sale Price": "3.49", "Image": "https://assets.shop.loblaws.ca/products/20707925/b1/en/front/20707925_front_a01_@2.png", "Brand": "Windsor", "Url": "https://www.maxi.ca/canning-pickling-coarse-salt/p/20707925_EA", "Sub Category": null, "English Name": "Canning & Pickling Coarse Salt", "Size": "1.36 kg", "Size Label": "ea"}, {"Category": "Spices & Seasonings", "Aisle": "Pantry", "Sku": "21116906_EA", "Regular Price": "None", "Sale Price": "4.99", "Image": "https://assets.shop.loblaws.ca/products/21116906/b1/en/front/21116906_front_a01_@2.png", "Brand": "President's Choice", "Url": "https://www.maxi.ca/chili-powder/p/21116906_EA", "Sub Category": null, "English Name": "Chili Powder", "Size": "54 g", "Size Label": "ea"}, {"Category": "Spices & Seasonings", "Aisle": "Pantry", "Sku": "21298326_EA", "Regular Price": "None", "Sale Price": "3.99", "Image": "https://assets.shop.loblaws.ca/products/21298326/b1/en/front/21298326_front_a01_@2.png", "Brand": "President's Choice", "Url": "https://www.maxi.ca/everything-bagel-seasoning/p/21298326_EA", "Sub Category": null, "English Name": "Everything Bagel Seasoning", "Size": "65 g", "Size Label": "ea"}, {"Category": "Spices & Seasonings", "Aisle": "Pantry", "Sku": "20182108_EA", "Regular Price": "None", "Sale Price": "3.49", "Image": "https://assets.shop.loblaws.ca/products/20182108/b1/en/front/20182108_front_a01_@2.png", "Brand": "Dion", "Url": "https://www.maxi.ca/basil/p/20182108_EA", "Sub Category": null, "English Name": "Basil      ", "Size": "26 g", "Size Label": "ea"}, {"Category": "Spices & Seasonings", "Aisle": "Pantry", "Sku": "20143668_EA", "Regular Price": "None", "Sale Price": "3.49", "Image": "https://assets.shop.loblaws.ca/products/20143668/b1/en/front/20143668_front_a01_@2.png", "Brand": "Dion", "Url": "https://www.maxi.ca/cajun-spices/p/20143668_EA", "Sub Category": null, "English Name": "Cajun Spices", "Size": "50 g", "Size Label": "ea"}, {"Category": "Spices & Seasonings", "Aisle": "Pantry", "Sku": "20057366_EA", "Regular Price": "None", "Sale Price": "2.49", "Image": "https://assets.shop.loblaws.ca/products/20057366/b1/en/front/20057366_front_a01_@2.png", "Brand": "Dion", "Url": "https://www.maxi.ca/thyme/p/20057366_EA", "Sub Category": null, "English Name": "Thyme      ", "Size": "18 g", "Size Label": "ea"}, {"Category": "Spices & Seasonings", "Aisle": "Pantry", "Sku": "21359109_EA", "Regular Price": "None", "Sale Price": "6.99", "Image": "https://assets.shop.loblaws.ca/products/21359109/b1/en/front/21359109_front_a01_@2.png", "Brand": "St Hubert", "Url": "https://www.maxi.ca/seasoning-bbq/p/21359109_EA", "Sub Category": null, "English Name": "Seasoning BBQ", "Size": "190 g", "Size Label": "ea"}, {"Category": "Spices & Seasonings", "Aisle": "Pantry", "Sku": "20301395001_EA", "Regular Price": "None", "Sale Price": "6.49", "Image": "https://assets.shop.loblaws.ca/products/20301395001/b1/en/front/20301395001_front_a01_@2.png", "Brand": "Club House", "Url": "https://www.maxi.ca/signature-blends-lemon-and-herbs/p/20301395001_EA", "Sub Category": null, "English Name": "Signature Blends, Lemon and Herbs", "Size": "134 g", "Size Label": "ea"}, {"Category": "Spices & Seasonings", "Aisle": "Pantry", "Sku": "20142838_EA", "Regular Price": "None", "Sale Price": "3.99", "Image": "https://assets.shop.loblaws.ca/products/20142838/b1/en/front/20142838_front_a01_@2.png", "Brand": "Dion", "Url": "https://www.maxi.ca/bay-leaves/p/20142838_EA", "Sub Category": null, "English Name": "Bay Leaves     ", "Size": "10 g", "Size Label": "ea"}, {"Category": "Spices & Seasonings", "Aisle": "Pantry", "Sku": "20120808_EA", "Regular Price": "None", "Sale Price": "2.49", "Image": "https://assets.shop.loblaws.ca/products/20120808/b1/en/front/20120808_front_a01_@2.png", "Brand": "Dion", "Url": "https://www.maxi.ca/crushed-mint/p/20120808_EA", "Sub Category": null, "English Name": "Crushed Mint     ", "Size": "16 g", "Size Label": "ea"}, {"Category": "Spices & Seasonings", "Aisle": "Pantry", "Sku": "21464745_EA", "Regular Price": "None", "Sale Price": "4.29", "Image": "https://assets.shop.loblaws.ca/products/21464745/b1/en/front/21464745_front_a01_@2.png", "Brand": "Windsor", "Url": "https://www.maxi.ca/black-peppercorns-grinder/p/21464745_EA", "Sub Category": null, "English Name": "Black Peppercorns Grinder", "Size": "34 g", "Size Label": "ea"}, {"Category": "Spices & Seasonings", "Aisle": "Pantry", "Sku": "20765396_EA", "Regular Price": "None", "Sale Price": "6.49", "Image": "https://assets.shop.loblaws.ca/products/20765396/b1/en/front/20765396_front_a01_@2.png", "Brand": "Club House", "Url": "https://www.maxi.ca/one-step-seasoning-original-salt-free/p/20765396_EA", "Sub Category": null, "English Name": "One Step Seasoning, Original, Salt Free", "Size": "125 g", "Size Label": "ea"}, {"Category": "Spices & Seasonings", "Aisle": "Pantry", "Sku": "20217794_EA", "Regular Price": "None", "Sale Price": "7.29", "Image": "https://assets.shop.loblaws.ca/products/20217794/b1/en/front/20217794_front_a01_@2.png", "Brand": "Dion", "Url": "https://www.maxi.ca/spanish-saffron/p/20217794_EA", "Sub Category": null, "English Name": "Spanish Saffron", "Size": "0.5 g", "Size Label": "ea"}, {"Category": "Spices & Seasonings", "Aisle": "Pantry", "Sku": "20160380_EA", "Regular Price": "None", "Sale Price": "2.79", "Image": "https://assets.shop.loblaws.ca/products/20160380/b1/en/front/20160380_front_a01_@2.png", "Brand": "Dion", "Url": "https://www.maxi.ca/garlic-salt/p/20160380_EA", "Sub Category": null, "English Name": "Garlic Salt     ", "Size": "80 g", "Size Label": "ea"}, {"Category": "Spices & Seasonings", "Aisle": "Pantry", "Sku": "20631914_EA", "Regular Price": "None", "Sale Price": "3.99", "Image": "https://assets.shop.loblaws.ca/products/20631914/b1/en/front/20631914_front_a01_@2.png", "Brand": "Dion", "Url": "https://www.maxi.ca/ground-mexican-chillies/p/20631914_EA", "Sub Category": null, "English Name": "Ground Mexican Chillies", "Size": "78 g", "Size Label": "ea"}, {"Category": "Spices & Seasonings", "Aisle": "Pantry", "Sku": "20026409_EA", "Regular Price": "None", "Sale Price": "2.69", "Image": "https://assets.shop.loblaws.ca/products/20026409/b1/en/front/20026409_front_a01_@2.png", "Brand": "Dion", "Url": "https://www.maxi.ca/fine-herbs/p/20026409_EA", "Sub Category": null, "English Name": "Fine Herbs", "Size": "12 g", "Size Label": "ea"}, {"Category": "Spices & Seasonings", "Aisle": "Pantry", "Sku": "20120827_EA", "Regular Price": "None", "Sale Price": "3.49", "Image": "https://assets.shop.loblaws.ca/products/20120827/b1/en/front/20120827_front_a01_@2.png", "Brand": "Dion", "Url": "https://www.maxi.ca/curry-powder/p/20120827_EA", "Sub Category": null, "English Name": "Curry Powder", "Size": "80 g", "Size Label": "ea"}, {"Category": "Spices & Seasonings", "Aisle": "Pantry", "Sku": "20631105_EA", "Regular Price": "None", "Sale Price": "6.79", "Image": "https://assets.shop.loblaws.ca/products/20631105/b1/en/front/20631105_front_a01_@2.png", "Brand": "Dion", "Url": "https://www.maxi.ca/pink-peppercorn/p/20631105_EA", "Sub Category": null, "English Name": "Pink Peppercorn", "Size": "19 g", "Size Label": "ea"}, {"Category": "Spices & Seasonings", "Aisle": "Pantry", "Sku": "20003296_EA", "Regular Price": "None", "Sale Price": "4.69", "Image": "https://assets.shop.loblaws.ca/products/20003296/b1/en/front/20003296_front_a01_@2.png", "Brand": "Dion", "Url": "https://www.maxi.ca/cream-of-tartar/p/20003296_EA", "Sub Category": null, "English Name": "Cream OF Tartar", "Size": "55 g", "Size Label": "ea"}, {"Category": "Spices & Seasonings", "Aisle": "Pantry", "Sku": "20149607_EA", "Regular Price": "None", "Sale Price": "5.69", "Image": "https://assets.shop.loblaws.ca/products/20149607/b1/en/front/20149607_front_a01_@2.png", "Brand": "Dion", "Url": "https://www.maxi.ca/black-peppercorns/p/20149607_EA", "Sub Category": null, "English Name": "Black Peppercorns", "Size": "90 g", "Size Label": "ea"}, {"Category": "Spices & Seasonings", "Aisle": "Pantry", "Sku": "20022814_EA", "Regular Price": "None", "Sale Price": "5.49", "Image": "https://assets.shop.loblaws.ca/products/20022814/b1/en/front/20022814_front_a01_@2.png", "Brand": "Dion", "Url": "https://www.maxi.ca/salad-seasoning/p/20022814_EA", "Sub Category": null, "English Name": "Salad Seasoning", "Size": "123 g", "Size Label": "ea"}, {"Category": "Spices & Seasonings", "Aisle": "Pantry", "Sku": "20111453_EA", "Regular Price": "None", "Sale Price": "5.29", "Image": "https://assets.shop.loblaws.ca/products/20111453/b1/en/front/20111453_front_a01_@2.png", "Brand": "Dion", "Url": "https://www.maxi.ca/steak-spices-no-salt/p/20111453_EA", "Sub Category": null, "English Name": "Steak Spices, No Salt", "Size": "150 g", "Size Label": "ea"}, {"Category": "Spices & Seasonings", "Aisle": "Pantry", "Sku": "21217099_EA", "Regular Price": "None", "Sale Price": "2.29", "Image": "https://assets.shop.loblaws.ca/products/21217099/b1/en/front/21217099_front_a01_@2.png", "Brand": "Tamam", "Url": "https://www.maxi.ca/orange-blossom-water/p/21217099_EA", "Sub Category": null, "English Name": "Orange Blossom Water", "Size": "300 ml", "Size Label": "ea"}, {"Category": "Spices & Seasonings", "Aisle": "Pantry", "Sku": "20128752_EA", "Regular Price": "None", "Sale Price": "6.29", "Image": "https://assets.shop.loblaws.ca/products/20128752/b1/en/front/20128752_front_a01_@2.png", "Brand": "Kelloggs", "Url": "https://www.maxi.ca/corn-flake-crumbs/p/20128752_EA", "Sub Category": null, "English Name": "Corn Flake Crumbs", "Size": "575 g", "Size Label": "ea"}, {"Category": "Spices & Seasonings", "Aisle": "Pantry", "Sku": "20165112_EA", "Regular Price": "None", "Sale Price": "4.99", "Image": "https://assets.shop.loblaws.ca/products/20165112/b1/en/front/20165112_front_a01_@2.png", "Brand": "Windsor", "Url": "https://www.maxi.ca/kosher-salt-coarse/p/20165112_EA", "Sub Category": null, "English Name": "Kosher Salt, Coarse", "Size": "1.36 kg", "Size Label": "ea"}, {"Category": "Spices & Seasonings", "Aisle": "Pantry", "Sku": "20353502_EA", "Regular Price": "None", "Sale Price": "6.49", "Image": "https://assets.shop.loblaws.ca/products/20353502/b1/en/front/20353502_front_a01_@2.png", "Brand": "Fish Crisp", "Url": "https://www.maxi.ca/seasoned-coating-mix-original/p/20353502_EA", "Sub Category": null, "English Name": "Seasoned Coating Mix, Original", "Size": "340 g", "Size Label": "ea"}, {"Category": "Spices & Seasonings", "Aisle": "Pantry", "Sku": "21523392_EA", "Regular Price": "None", "Sale Price": "6.29", "Image": "https://assets.shop.loblaws.ca/products/21523392/b1/en/front/21523392_front_a01_@2.png", "Brand": "Club House", "Url": "https://www.maxi.ca/la-grille-flavoured-seasoning-smoky-ranchero/p/21523392_EA", "Sub Category": null, "English Name": "La Grille Flavoured Seasoning Smoky Ranchero", "Size": "135 g", "Size Label": "ea"}, {"Category": "Spices & Seasonings", "Aisle": "Pantry", "Sku": "20020280_EA", "Regular Price": "None", "Sale Price": "5.79", "Image": "https://assets.shop.loblaws.ca/products/20020280/b1/en/front/20020280_front_a01_@2.png", "Brand": "Dion", "Url": "https://www.maxi.ca/cinnamon-sticks-6/p/20020280_EA", "Sub Category": null, "English Name": "Cinnamon Sticks, 6\"", "Size": "150 g", "Size Label": "ea"}, {"Category": "Spices & Seasonings", "Aisle": "Pantry", "Sku": "20171495_EA", "Regular Price": "None", "Sale Price": "8.99", "Image": "https://assets.shop.loblaws.ca/products/20171495/b1/en/front/20171495_front_a01_@2.png", "Brand": "Club House", "Url": "https://www.maxi.ca/onion-powder/p/20171495_EA", "Sub Category": null, "English Name": "Onion Powder", "Size": "116 g", "Size Label": "ea"}, {"Category": "Spices & Seasonings", "Aisle": "Pantry", "Sku": "20180764_EA", "Regular Price": "None", "Sale Price": "7.99", "Image": "https://assets.shop.loblaws.ca/products/20180764/b1/en/front/20180764_front_a01_@2.png", "Brand": "Club House", "Url": "https://www.maxi.ca/garlic-powder/p/20180764_EA", "Sub Category": null, "English Name": "Garlic Powder", "Size": "165 g", "Size Label": "ea"}, {"Category": "Spices & Seasonings", "Aisle": "Pantry", "Sku": "20320722_EA", "Regular Price": "None", "Sale Price": "4.79", "Image": "https://assets.shop.loblaws.ca/products/20320722/b1/en/front/20320722_front_a01_@2.png", "Brand": "President's Choice", "Url": "https://www.maxi.ca/sea-salt-black-peppercorns/p/20320722_EA", "Sub Category": null, "English Name": "Sea Salt & Black Peppercorns", "Size": "69 g", "Size Label": "ea"}, {"Category": "Spices & Seasonings", "Aisle": "Pantry", "Sku": "21006497_EA", "Regular Price": "None", "Sale Price": "7.99", "Image": "https://assets.shop.loblaws.ca/products/21006497/b1/en/front/21006497_front_a01_@2.png", "Brand": "President's Choice", "Url": "https://www.maxi.ca/himalayan-pink-rock-salts/p/21006497_EA", "Sub Category": null, "English Name": "Himalayan Pink Rock Salts", "Size": "390 g", "Size Label": "ea"}, {"Category": "Spices & Seasonings", "Aisle": "Pantry", "Sku": "21117298_EA", "Regular Price": "None", "Sale Price": "6.49", "Image": "https://assets.shop.loblaws.ca/products/21117298/b1/en/front/21117298_front_a01_@2.png", "Brand": "President's Choice", "Url": "https://www.maxi.ca/ground-cinnamon/p/21117298_EA", "Sub Category": null, "English Name": "Ground Cinnamon", "Size": "51 g", "Size Label": "ea"}, {"Category": "Spices & Seasonings", "Aisle": "Pantry", "Sku": "20187356_EA", "Regular Price": "None", "Sale Price": "3.49", "Image": "https://assets.shop.loblaws.ca/products/20187356/b1/en/front/20187356_front_a01_@2.png", "Brand": "Dion", "Url": "https://www.maxi.ca/sesame-seeds/p/20187356_EA", "Sub Category": null, "English Name": "Sesame Seeds", "Size": "50 g", "Size Label": "ea"}, {"Category": "Spices & Seasonings", "Aisle": "Pantry", "Sku": "20081240_EA", "Regular Price": "None", "Sale Price": "3.99", "Image": "https://assets.shop.loblaws.ca/products/20081240/b1/en/front/20081240_front_a01_@2.png", "Brand": "Dion", "Url": "https://www.maxi.ca/italian-seasoning/p/20081240_EA", "Sub Category": null, "English Name": "Italian Seasoning", "Size": "52 g", "Size Label": "ea"}, {"Category": "Spices & Seasonings", "Aisle": "Pantry", "Sku": "20631869_EA", "Regular Price": "None", "Sale Price": "4.69", "Image": "https://assets.shop.loblaws.ca/products/20631869/b1/en/front/20631869_front_a01_@2.png", "Brand": "Dion", "Url": "https://www.maxi.ca/smoked-hot-spanish-paprika/p/20631869_EA", "Sub Category": null, "English Name": "Smoked Hot Spanish Paprika", "Size": "35 g", "Size Label": "ea"}, {"Category": "Spices & Seasonings", "Aisle": "Pantry", "Sku": "20301395002_EA", "Regular Price": "None", "Sale Price": "6.49", "Image": "https://assets.shop.loblaws.ca/products/20301395002/b1/en/front/20301395002_front_a01_@2.png", "Brand": "Club House", "Url": "https://www.maxi.ca/one-step-seasoning-tex-mex/p/20301395002_EA", "Sub Category": null, "English Name": "One Step Seasoning, Tex Mex", "Size": "136 g", "Size Label": "ea"}, {"Category": "Spices & Seasonings", "Aisle": "Pantry", "Sku": "20017149_EA", "Regular Price": "None", "Sale Price": "3.99", "Image": "https://assets.shop.loblaws.ca/products/20017149/b1/en/front/20017149_front_a01_@2.png", "Brand": "Dion", "Url": "https://www.maxi.ca/salad-seasoning/p/20017149_EA", "Sub Category": null, "English Name": "Salad Seasoning", "Size": "34 g", "Size Label": "ea"}, {"Category": "Spices & Seasonings", "Aisle": "Pantry", "Sku": "20061386_EA", "Regular Price": "None", "Sale Price": "3.49", "Image": "https://assets.shop.loblaws.ca/products/20061386/b1/en/front/20061386_front_a01_@2.png", "Brand": "Dion", "Url": "https://www.maxi.ca/herbes-de-provence/p/20061386_EA", "Sub Category": null, "English Name": "Herbes De Provence", "Size": "33 g", "Size Label": "ea"}, {"Category": "Spices & Seasonings", "Aisle": "Pantry", "Sku": "20631304_EA", "Regular Price": "None", "Sale Price": "4.59", "Image": "https://assets.shop.loblaws.ca/products/20631304/b1/en/front/20631304_front_a01_@2.png", "Brand": "Dion", "Url": "https://www.maxi.ca/granulated-chipotle/p/20631304_EA", "Sub Category": null, "English Name": "Granulated Chipotle", "Size": "30 g", "Size Label": "ea"}, {"Category": "Spices & Seasonings", "Aisle": "Pantry", "Sku": "21117326_EA", "Regular Price": "None", "Sale Price": "4.99", "Image": "https://assets.shop.loblaws.ca/products/21117326/b1/en/front/21117326_front_a01_@2.png", "Brand": "President's Choice", "Url": "https://www.maxi.ca/fennel-seeds/p/21117326_EA", "Sub Category": null, "English Name": "Fennel Seeds", "Size": "44 g", "Size Label": "ea"}, {"Category": "Spices & Seasonings", "Aisle": "Pantry", "Sku": "21117352_EA", "Regular Price": "None", "Sale Price": "4.99", "Image": "https://assets.shop.loblaws.ca/products/21117352/b1/en/front/21117352_front_a01_@2.png", "Brand": "President's Choice", "Url": "https://www.maxi.ca/rosemary-leaves/p/21117352_EA", "Sub Category": null, "English Name": "Rosemary Leaves", "Size": "23 g", "Size Label": "ea"}, {"Category": "Spices & Seasonings", "Aisle": "Pantry", "Sku": "21117321_EA", "Regular Price": "None", "Sale Price": "4.49", "Image": "https://assets.shop.loblaws.ca/products/21117321/b1/en/front/21117321_front_a01_@2.png", "Brand": "President's Choice", "Url": "https://www.maxi.ca/ground-coriander/p/21117321_EA", "Sub Category": null, "English Name": "Ground Coriander", "Size": "36 g", "Size Label": "ea"}, {"Category": "Spices & Seasonings", "Aisle": "Pantry", "Sku": "21438316_EA", "Regular Price": "None", "Sale Price": "7.29", "Image": "https://assets.shop.loblaws.ca/products/21438316/b1/en/front/21438316_front_a01_@2.png", "Brand": "Weber", "Url": "https://www.maxi.ca/flavour-bomb-seasoning/p/21438316_EA", "Sub Category": null, "English Name": "Flavour Bomb Seasoning", "Size": "191 g", "Size Label": "ea"}, {"Category": "Spices & Seasonings", "Aisle": "Pantry", "Sku": "20068075_EA", "Regular Price": "None", "Sale Price": "2.69", "Image": "https://assets.shop.loblaws.ca/products/20068075/b1/en/front/20068075_front_a01_@2.png", "Brand": "Dion", "Url": "https://www.maxi.ca/crushed-red-pepper/p/20068075_EA", "Sub Category": null, "English Name": "Crushed Red Pepper", "Size": "28 g", "Size Label": "ea"}, {"Category": "Spices & Seasonings", "Aisle": "Pantry", "Sku": "20308006003_EA", "Regular Price": "None", "Sale Price": "6.49", "Image": "https://assets.shop.loblaws.ca/products/20308006003/b1/en/front/20308006003_front_a01_@2.png", "Brand": "Club House", "Url": "https://www.maxi.ca/one-step-seasoning-greek/p/20308006003_EA", "Sub Category": null, "English Name": "One Step Seasoning, Greek", "Size": "120 g", "Size Label": "ea"}, {"Category": "Spices & Seasonings", "Aisle": "Pantry", "Sku": "21464746_EA", "Regular Price": "None", "Sale Price": "4.29", "Image": "https://assets.shop.loblaws.ca/products/21464746/b1/en/front/21464746_front_a01_@2.png", "Brand": "Windsor", "Url": "https://www.maxi.ca/sea-salt-grinder/p/21464746_EA", "Sub Category": null, "English Name": "Sea Salt Grinder", "Size": "70 g", "Size Label": "ea"}, {"Category": "Spices & Seasonings", "Aisle": "Pantry", "Sku": "20145407_EA", "Regular Price": "None", "Sale Price": "3.69", "Image": "https://assets.shop.loblaws.ca/products/20145407/b1/en/front/20145407_front_a01_@2.png", "Brand": "Dion", "Url": "https://www.maxi.ca/garlic-powder/p/20145407_EA", "Sub Category": null, "English Name": "Garlic Powder", "Size": "100 g", "Size Label": "ea"}, {"Category": "Spices & Seasonings", "Aisle": "Pantry", "Sku": "20070725_EA", "Regular Price": "None", "Sale Price": "3.79", "Image": "https://assets.shop.loblaws.ca/products/20070725/b1/en/front/20070725_front_a01_@2.png", "Brand": "Dion", "Url": "https://www.maxi.ca/ground-allspice/p/20070725_EA", "Sub Category": null, "English Name": "Ground Allspice", "Size": "32 g", "Size Label": "ea"}, {"Category": "Spices & Seasonings", "Aisle": "Pantry", "Sku": "20182350_EA", "Regular Price": "None", "Sale Price": "10.49", "Image": "https://assets.shop.loblaws.ca/products/20182350/b1/en/front/20182350_front_a01_@2.png", "Brand": "Club House", "Url": "https://www.maxi.ca/pepper-black-coarse/p/20182350_EA", "Sub Category": null, "English Name": "Pepper, Black Coarse", "Size": "100 g", "Size Label": "ea"}, {"Category": "Spices & Seasonings", "Aisle": "Pantry", "Sku": "20033636_EA", "Regular Price": "None", "Sale Price": "8.49", "Image": "https://assets.shop.loblaws.ca/products/20033636/b1/en/front/20033636_front_a01_@2.png", "Brand": "Club House", "Url": "https://www.maxi.ca/ground-cinnamon/p/20033636_EA", "Sub Category": null, "English Name": "Ground Cinnamon", "Size": "125 g", "Size Label": "ea"}, {"Category": "Spices & Seasonings", "Aisle": "Pantry", "Sku": "20955561_EA", "Regular Price": "None", "Sale Price": "6.49", "Image": "https://assets.shop.loblaws.ca/products/20955561/b1/en/front/20955561_front_a01_@2.png", "Brand": "Club House", "Url": "https://www.maxi.ca/la-grille-montreal-chicken-wet-rub/p/20955561_EA", "Sub Category": null, "English Name": "La Grille Montreal Chicken Wet Rub", "Size": "200 ml", "Size Label": "ea"}, {"Category": "Spices & Seasonings", "Aisle": "Pantry", "Sku": "20051432_EA", "Regular Price": "None", "Sale Price": "3.29", "Image": "https://assets.shop.loblaws.ca/products/20051432/b1/en/front/20051432_front_a01_@2.png", "Brand": "Dion", "Url": "https://www.maxi.ca/poultry-seasoning/p/20051432_EA", "Sub Category": null, "English Name": "Poultry Seasoning", "Size": "27 g", "Size Label": "ea"}, {"Category": "Spices & Seasonings", "Aisle": "Pantry", "Sku": "20070725_EA", "Regular Price": "None", "Sale Price": "3.79", "Image": "https://assets.shop.loblaws.ca/products/20070725/b1/en/front/20070725_front_a01_@2.png", "Brand": "Dion", "Url": "https://www.maxi.ca/ground-allspice/p/20070725_EA", "Sub Category": null, "English Name": "Ground Allspice", "Size": "32 g", "Size Label": "ea"}, {"Category": "Spices & Seasonings", "Aisle": "Pantry", "Sku": "20145856_EA", "Regular Price": "None", "Sale Price": "3.49", "Image": "https://assets.shop.loblaws.ca/products/20145856/b1/en/front/20145856_front_a01_@2.png", "Brand": "Dion", "Url": "https://www.maxi.ca/saffron/p/20145856_EA", "Sub Category": null, "English Name": "Saffron", "Size": "8 g", "Size Label": "ea"}, {"Category": "Spices & Seasonings", "Aisle": "Pantry", "Sku": "20008314_EA", "Regular Price": "None", "Sale Price": "2.69", "Image": "https://assets.shop.loblaws.ca/products/20008314/b1/en/front/20008314_front_a01_@2.png", "Brand": "Dion", "Url": "https://www.maxi.ca/sliced-onions/p/20008314_EA", "Sub Category": null, "English Name": "Sliced Onions     ", "Size": "38 g", "Size Label": "ea"}, {"Category": "Spices & Seasonings", "Aisle": "Pantry", "Sku": "20145407_EA", "Regular Price": "None", "Sale Price": "3.69", "Image": "https://assets.shop.loblaws.ca/products/20145407/b1/en/front/20145407_front_a01_@2.png", "Brand": "Dion", "Url": "https://www.maxi.ca/garlic-powder/p/20145407_EA", "Sub Category": null, "English Name": "Garlic Powder", "Size": "100 g", "Size Label": "ea"}, {"Category": "Spices & Seasonings", "Aisle": "Pantry", "Sku": "21422191_EA", "Regular Price": "None", "Sale Price": "7.29", "Image": "https://assets.shop.loblaws.ca/products/21422191/b1/en/front/21422191_front_a01_@2.png", "Brand": "Weber", "Url": "https://www.maxi.ca/smokey-mesquite-seasoning/p/21422191_EA", "Sub Category": null, "English Name": "Smokey Mesquite Seasoning ", "Size": "171 g", "Size Label": "ea"}, {"Category": "Spices & Seasonings", "Aisle": "Pantry", "Sku": "21038714_EA", "Regular Price": "None", "Sale Price": "10.49", "Image": "https://assets.shop.loblaws.ca/products/21038714/b1/en/front/21038714_front_a01_@2.png", "Brand": "Club House", "Url": "https://www.maxi.ca/smoked-paprika/p/21038714_EA", "Sub Category": null, "English Name": "Smoked Paprika", "Size": "116 g", "Size Label": "ea"}, {"Category": "Spices & Seasonings", "Aisle": "Pantry", "Sku": "20010708_EA", "Regular Price": "None", "Sale Price": "6.29", "Image": "https://assets.shop.loblaws.ca/products/20010708/b1/en/front/20010708_front_a01_@2.png", "Brand": "Club House", "Url": "https://www.maxi.ca/la-grille-vegetable-seasoning/p/20010708_EA", "Sub Category": null, "English Name": "La Grille, Vegetable Seasoning", "Size": "148 g", "Size Label": "ea"}, {"Category": "Spices & Seasonings", "Aisle": "Pantry", "Sku": "20318460007_EA", "Regular Price": "None", "Sale Price": "6.29", "Image": "https://assets.shop.loblaws.ca/products/20318460007/b1/en/front/20318460007_front_a01_@2.png", "Brand": "Kraft", "Url": "https://www.maxi.ca/crispy-pork-coating-mix/p/20318460007_EA", "Sub Category": null, "English Name": "Crispy Pork Coating Mix", "Size": "160 g", "Size Label": "ea"}, {"Category": "Spices & Seasonings", "Aisle": "Pantry", "Sku": "20078866_EA", "Regular Price": "None", "Sale Price": "15.99", "Image": "https://assets.shop.loblaws.ca/products/20078866/b1/en/front/20078866_front_a01_@2.png", "Brand": "No Name", "Url": "https://www.maxi.ca/black-peppercorns/p/20078866_EA", "Sub Category": null, "English Name": "Black Peppercorns", "Size": "575 g", "Size Label": "ea"}, {"Category": "Spices & Seasonings", "Aisle": "Pantry", "Sku": "20301395003_EA", "Regular Price": "None", "Sale Price": "6.49", "Image": "https://assets.shop.loblaws.ca/products/20301395003/b1/en/front/20301395003_front_a01_@2.png", "Brand": "Club House", "Url": "https://www.maxi.ca/signature-blends-parmesan-herbs/p/20301395003_EA", "Sub Category": null, "English Name": "Signature Blends, Parmesan & Herbs", "Size": "135 g", "Size Label": "ea"}, {"Category": "Spices & Seasonings", "Aisle": "Pantry", "Sku": "20346462_EA", "Regular Price": "None", "Sale Price": "5.79", "Image": "https://assets.shop.loblaws.ca/products/20346462/b1/en/front/20346462_front_a01_@2.png", "Brand": "Club House", "Url": "https://www.maxi.ca/pickling-spice-pouch/p/20346462_EA", "Sub Category": null, "English Name": "Pickling Spice (Pouch)", "Size": "110 g", "Size Label": "ea"}, {"Category": "Spices & Seasonings", "Aisle": "Pantry", "Sku": "21117293_EA", "Regular Price": "None", "Sale Price": "4.99", "Image": "https://assets.shop.loblaws.ca/products/21117293/b1/en/front/21117293_front_a01_@2.png", "Brand": "President's Choice", "Url": "https://www.maxi.ca/ground-red-cayenne-pepper/p/21117293_EA", "Sub Category": null, "English Name": "Ground Red Cayenne Pepper", "Size": "41 g", "Size Label": "ea"}, {"Category": "Spices & Seasonings", "Aisle": "Pantry", "Sku": "20184282002_EA", "Regular Price": "None", "Sale Price": "3.99", "Image": "https://assets.shop.loblaws.ca/products/20184282002/b1/en/front/20184282002_front_a01_@2.png", "Brand": "Pastene", "Url": "https://www.maxi.ca/bread-crumbs-flavoured/p/20184282002_EA", "Sub Category": null, "English Name": "Bread Crumbs, Flavoured", "Size": "425 g", "Size Label": "ea"}, {"Category": "Spices & Seasonings", "Aisle": "Pantry", "Sku": "21117300_EA", "Regular Price": "None", "Sale Price": "4.99", "Image": "https://assets.shop.loblaws.ca/products/21117300/b1/en/front/21117300_front_a01_@2.png", "Brand": "President's Choice", "Url": "https://www.maxi.ca/whole-cloves/p/21117300_EA", "Sub Category": null, "English Name": "Whole Cloves", "Size": "31 g", "Size Label": "ea"}, {"Category": "Spices & Seasonings", "Aisle": "Pantry", "Sku": "20309777001_EA", "Regular Price": "None", "Sale Price": "6.49", "Image": "https://assets.shop.loblaws.ca/products/20309777001/b1/en/front/20309777001_front_a01_@2.png", "Brand": "Club House", "Url": "https://www.maxi.ca/signature-blends-roasted-garlic-pepper/p/20309777001_EA", "Sub Category": null, "English Name": "Signature Blends, Roasted Garlic & Pepper", "Size": "144 g", "Size Label": "ea"}, {"Category": "Spices & Seasonings", "Aisle": "Pantry", "Sku": "21117319_EA", "Regular Price": "None", "Sale Price": "4.99", "Image": "https://assets.shop.loblaws.ca/products/21117319/b1/en/front/21117319_front_a01_@2.png", "Brand": "President's Choice", "Url": "https://www.maxi.ca/smoked-paprika/p/21117319_EA", "Sub Category": null, "English Name": "Smoked Paprika", "Size": "41 g", "Size Label": "ea"}, {"Category": "Spices & Seasonings", "Aisle": "Pantry", "Sku": "21111108_EA", "Regular Price": "None", "Sale Price": "5.99", "Image": "https://assets.shop.loblaws.ca/products/21111108/b1/en/front/21111108_front_a01_@2.png", "Brand": "President's Choice", "Url": "https://www.maxi.ca/basil/p/21111108_EA", "Sub Category": null, "English Name": "Basil", "Size": "16 g", "Size Label": "ea"}, {"Category": "Spices & Seasonings", "Aisle": "Pantry", "Sku": "21359094_EA", "Regular Price": "None", "Sale Price": "6.99", "Image": "https://assets.shop.loblaws.ca/products/21359094/b1/en/front/21359094_front_a01_@2.png", "Brand": "St Hubert", "Url": "https://www.maxi.ca/steak-seasoning-165-g/p/21359094_EA", "Sub Category": null, "English Name": "Steak Seasoning 165 g", "Size": "165 g", "Size Label": "ea"}, {"Category": "Spices & Seasonings", "Aisle": "Pantry", "Sku": "20319994_EA", "Regular Price": "None", "Sale Price": "4.79", "Image": "https://assets.shop.loblaws.ca/products/20319994/b1/en/front/20319994_front_a01_@2.png", "Brand": "President's Choice", "Url": "https://www.maxi.ca/sea-salt/p/20319994_EA", "Sub Category": null, "English Name": "Sea Salt   ", "Size": "77 g", "Size Label": "ea"}, {"Category": "Spices & Seasonings", "Aisle": "Pantry", "Sku": "20094899_EA", "Regular Price": "None", "Sale Price": "5.99", "Image": "https://assets.shop.loblaws.ca/products/20094899/b1/en/front/20094899_front_a01_@2.png", "Brand": "President's Choice", "Url": "https://www.maxi.ca/mediterranean-sea-salts/p/20094899_EA", "Sub Category": null, "English Name": "Mediterranean Sea Salts", "Size": "360 g", "Size Label": "ea"}, {"Category": "Spices & Seasonings", "Aisle": "Pantry", "Sku": "21438315_EA", "Regular Price": "None", "Sale Price": "7.29", "Image": "https://assets.shop.loblaws.ca/products/21438315/b1/en/front/21438315_front_a01_@2.png", "Brand": "Weber", "Url": "https://www.maxi.ca/sizzlin-butter-seasoning/p/21438315_EA", "Sub Category": null, "English Name": "Sizzlin' Butter Seasoning", "Size": "184 g", "Size Label": "ea"}, {"Category": "Spices & Seasonings", "Aisle": "Pantry", "Sku": "20157951_EA", "Regular Price": "None", "Sale Price": "2.99", "Image": "https://assets.shop.loblaws.ca/products/20157951/b1/en/front/20157951_front_a01_@2.png", "Brand": "Dion", "Url": "https://www.maxi.ca/ground-turmeric/p/20157951_EA", "Sub Category": null, "English Name": "Ground Turmeric", "Size": "41 g", "Size Label": "ea"}, {"Category": "Spices & Seasonings", "Aisle": "Pantry", "Sku": "20116912_EA", "Regular Price": "None", "Sale Price": "3.29", "Image": "https://assets.shop.loblaws.ca/products/20116912/b1/en/front/20116912_front_a01_@2.png", "Brand": "Dion", "Url": "https://www.maxi.ca/ground-sage/p/20116912_EA", "Sub Category": null, "English Name": "Ground Sage", "Size": "18 g", "Size Label": "ea"}, {"Category": "Spices & Seasonings", "Aisle": "Pantry", "Sku": "20627204001_EA", "Regular Price": "None", "Sale Price": "3.49", "Image": "https://assets.shop.loblaws.ca/products/20627204001/b1/en/front/20627204001_front_a01_@2.png", "Brand": "Club House", "Url": "https://www.maxi.ca/black-peppercorn-grinder/p/20627204001_EA", "Sub Category": null, "English Name": "Black Peppercorn Grinder", "Size": "35 g", "Size Label": "ea"}, {"Category": "Spices & Seasonings", "Aisle": "Pantry", "Sku": "20179153_EA", "Regular Price": "None", "Sale Price": "2.99", "Image": "https://assets.shop.loblaws.ca/products/20179153/b1/en/front/20179153_front_a01_@2.png", "Brand": "Dion", "Url": "https://www.maxi.ca/meat-pie-stew-spices/p/20179153_EA", "Sub Category": null, "English Name": "Meat Pie & Stew Spices", "Size": "41 g", "Size Label": "ea"}, {"Category": "Spices & Seasonings", "Aisle": "Pantry", "Sku": "20999663_EA", "Regular Price": "None", "Sale Price": "2.49", "Image": "https://assets.shop.loblaws.ca/products/20999663/b1/en/front/20999663_front_a01_@2.png", "Brand": "Club House", "Url": "https://www.maxi.ca/beef-onion-fondue-seasoning-mix/p/20999663_EA", "Sub Category": null, "English Name": "Beef & Onion Fondue Seasoning Mix", "Size": "42 g", "Size Label": "ea"}, {"Category": "Spices & Seasonings", "Aisle": "Pantry", "Sku": "20180570_EA", "Regular Price": "None", "Sale Price": "3.49", "Image": "https://assets.shop.loblaws.ca/products/20180570/b1/en/front/20180570_front_a01_@2.png", "Brand": "Dion", "Url": "https://www.maxi.ca/poppy-seeds/p/20180570_EA", "Sub Category": null, "English Name": "Poppy Seeds", "Size": "58 g", "Size Label": "ea"}, {"Category": "Spices & Seasonings", "Aisle": "Pantry", "Sku": "20955559_EA", "Regular Price": "None", "Sale Price": "6.49", "Image": "https://assets.shop.loblaws.ca/products/20955559/b1/en/front/20955559_front_a01_@2.png", "Brand": "Club House", "Url": "https://www.maxi.ca/la-grille-smokehouse-maple-wet-rub/p/20955559_EA", "Sub Category": null, "English Name": "La Grille Smokehouse Maple Wet Rub", "Size": "200 ml", "Size Label": "ea"}, {"Category": "Spices & Seasonings", "Aisle": "Pantry", "Sku": "20876131_EA", "Regular Price": "None", "Sale Price": "2.29", "Image": "https://assets.shop.loblaws.ca/products/20876131/b1/en/front/20876131_front_a01_@2.png", "Brand": "Dion", "Url": "https://www.maxi.ca/caraway-seeds/p/20876131_EA", "Sub Category": null, "English Name": "Caraway Seeds", "Size": "43 g", "Size Label": "ea"}, {"Category": "Spices & Seasonings", "Aisle": "Pantry", "Sku": "20027862_EA", "Regular Price": "None", "Sale Price": "7.79", "Image": "https://assets.shop.loblaws.ca/products/20027862/b1/en/front/20027862_front_a01_@2.png", "Brand": "Club House", "Url": "https://www.maxi.ca/crushed-red-pepper/p/20027862_EA", "Sub Category": null, "English Name": "Crushed Red Pepper", "Size": "70 g", "Size Label": "ea"}, {"Category": "Spices & Seasonings", "Aisle": "Pantry", "Sku": "20003598_EA", "Regular Price": "None", "Sale Price": "2.99", "Image": "https://assets.shop.loblaws.ca/products/20003598/b1/en/front/20003598_front_a01_@2.png", "Brand": "Dion", "Url": "https://www.maxi.ca/paprika/p/20003598_EA", "Sub Category": null, "English Name": "Paprika", "Size": "34 g", "Size Label": "ea"}, {"Category": "Spices & Seasonings", "Aisle": "Pantry", "Sku": "20098280_EA", "Regular Price": "None", "Sale Price": "3.29", "Image": "https://assets.shop.loblaws.ca/products/20098280/b1/en/front/20098280_front_a01_@2.png", "Brand": "Dion", "Url": "https://www.maxi.ca/dill-leaves/p/20098280_EA", "Sub Category": null, "English Name": "Dill Leaves", "Size": "9 g", "Size Label": "ea"}, {"Category": "Spices & Seasonings", "Aisle": "Pantry", "Sku": "20106795_EA", "Regular Price": "None", "Sale Price": "9.49", "Image": "https://assets.shop.loblaws.ca/products/20106795/b1/en/front/20106795_front_a01_@2.png", "Brand": "Dion", "Url": "https://www.maxi.ca/ground-cardamom/p/20106795_EA", "Sub Category": null, "English Name": "Ground Cardamom", "Size": "38 g", "Size Label": "ea"}, {"Category": "Spices & Seasonings", "Aisle": "Pantry", "Sku": "21377213_EA", "Regular Price": "None", "Sale Price": "4.19", "Image": "https://assets.shop.loblaws.ca/products/21377213/b1/en/front/21377213_front_a01_@2.png", "Brand": "Pope", "Url": "https://www.maxi.ca/bread-crumbs-italian-seasoned/p/21377213_EA", "Sub Category": null, "English Name": "Bread Crumbs Italian Seasoned", "Size": "425 g", "Size Label": "ea"}, {"Category": "Spices & Seasonings", "Aisle": "Pantry", "Sku": "20055460_EA", "Regular Price": "None", "Sale Price": "3.29", "Image": "https://assets.shop.loblaws.ca/products/20055460/b1/en/front/20055460_front_a01_@2.png", "Brand": "Dion", "Url": "https://www.maxi.ca/mustard-seeds/p/20055460_EA", "Sub Category": null, "English Name": "Mustard Seeds", "Size": "63 g", "Size Label": "ea"}, {"Category": "Spices & Seasonings", "Aisle": "Pantry", "Sku": "20040888_EA", "Regular Price": "None", "Sale Price": "3.49", "Image": "https://assets.shop.loblaws.ca/products/20040888/b1/en/front/20040888_front_a01_@2.png", "Brand": "Dion", "Url": "https://www.maxi.ca/five-chinese-spices-mix/p/20040888_EA", "Sub Category": null, "English Name": "Five Chinese Spices Mix", "Size": "60 g", "Size Label": "ea"}, {"Category": "Spices & Seasonings", "Aisle": "Pantry", "Sku": "20142772_EA", "Regular Price": "None", "Sale Price": "4.79", "Image": "https://assets.shop.loblaws.ca/products/20142772/b1/en/front/20142772_front_a01_@2.png", "Brand": "Dion", "Url": "https://www.maxi.ca/cinnamon-sticks-3/p/20142772_EA", "Sub Category": null, "English Name": "Cinnamon Sticks, 3\"", "Size": "70 g", "Size Label": "ea"}, {"Category": "Spices & Seasonings", "Aisle": "Pantry", "Sku": "20166909_EA", "Regular Price": "None", "Sale Price": "3.49", "Image": "https://assets.shop.loblaws.ca/products/20166909/b1/en/front/20166909_front_a01_@2.png", "Brand": "Dion", "Url": "https://www.maxi.ca/dijon-tarragon/p/20166909_EA", "Sub Category": null, "English Name": "Dijon Tarragon", "Size": "8 g", "Size Label": "ea"}, {"Category": "Spices & Seasonings", "Aisle": "Pantry", "Sku": "20319230001_EA", "Regular Price": "None", "Sale Price": "6.29", "Image": "https://assets.shop.loblaws.ca/products/20319230001/b1/en/front/20319230001_front_a01_@2.png", "Brand": "Club House", "Url": "https://www.maxi.ca/la-grille-spicy-pepper-medley/p/20319230001_EA", "Sub Category": null, "English Name": "La Grille, Spicy Pepper Medley", "Size": "150 g", "Size Label": "ea"}, {"Category": "Spices & Seasonings", "Aisle": "Pantry", "Sku": "21548016_EA", "Regular Price": "None", "Sale Price": "6.29", "Image": "https://assets.shop.loblaws.ca/products/21548016/b1/en/front/21548016_front_a01_@2.png", "Brand": "Kraft", "Url": "https://www.maxi.ca/coating-mix-original-crispy/p/21548016_EA", "Sub Category": null, "English Name": "Coating Mix Original Crispy", "Size": "142 g", "Size Label": "ea"}, {"Category": "Spices & Seasonings", "Aisle": "Pantry", "Sku": "20643825_EA", "Regular Price": "None", "Sale Price": "6.29", "Image": "https://assets.shop.loblaws.ca/products/20643825/b1/en/front/20643825_front_a01_@2.png", "Brand": "Club House", "Url": "https://www.maxi.ca/la-grille-salt-free-salmon-seasoning/p/20643825_EA", "Sub Category": null, "English Name": "La Grille, Salt Free Salmon Seasoning", "Size": "140 g", "Size Label": "ea"}, {"Category": "Spices & Seasonings", "Aisle": "Pantry", "Sku": "21315553_EA", "Regular Price": "None", "Sale Price": "6.49", "Image": "https://assets.shop.loblaws.ca/products/21315553/b1/en/front/21315553_front_a01_@2.png", "Brand": "Club House", "Url": "https://www.maxi.ca/parsley-flakes/p/21315553_EA", "Sub Category": null, "English Name": "Parsley Flakes", "Size": "20 g", "Size Label": "ea"}, {"Category": "Spices & Seasonings", "Aisle": "Pantry", "Sku": "21438313_EA", "Regular Price": "None", "Sale Price": "7.29", "Image": "https://assets.shop.loblaws.ca/products/21438313/b1/en/front/21438313_front_a01_@2.png", "Brand": "Weber", "Url": "https://www.maxi.ca/cowboy-seasoning-rub/p/21438313_EA", "Sub Category": null, "English Name": "Cowboy Seasoning & Rub", "Size": "159 g", "Size Label": "ea"}, {"Category": "Spices & Seasonings", "Aisle": "Pantry", "Sku": "20627204003_EA", "Regular Price": "None", "Sale Price": "3.49", "Image": "https://assets.shop.loblaws.ca/products/20627204003/b1/en/front/20627204003_front_a01_@2.png", "Brand": "Club House", "Url": "https://www.maxi.ca/sea-salt-grinder/p/20627204003_EA", "Sub Category": null, "English Name": "Sea Salt Grinder", "Size": "60 g", "Size Label": "ea"}, {"Category": "Spices & Seasonings", "Aisle": "Pantry", "Sku": "21111105_EA", "Regular Price": "None", "Sale Price": "6.49", "Image": "https://assets.shop.loblaws.ca/products/21111105/b1/en/front/21111105_front_a01_@2.png", "Brand": "President's Choice", "Url": "https://www.maxi.ca/ground-allspice/p/21111105_EA", "Sub Category": null, "English Name": "Ground Allspice", "Size": "42 g", "Size Label": "ea"}, {"Category": "Spices & Seasonings", "Aisle": "Pantry", "Sku": "20021508_EA", "Regular Price": "None", "Sale Price": "4.69", "Image": "https://assets.shop.loblaws.ca/products/20021508/b1/en/front/20021508_front_a01_@2.png", "Brand": "Dion", "Url": "https://www.maxi.ca/bruschetta-seasoning/p/20021508_EA", "Sub Category": null, "English Name": "Bruschetta Seasoning", "Size": "52 g", "Size Label": "ea"}, {"Category": "Spices & Seasonings", "Aisle": "Pantry", "Sku": "20957167_EA", "Regular Price": "None", "Sale Price": "8.29", "Image": "https://assets.shop.loblaws.ca/products/20957167/b1/en/front/20957167_front_a01_@2.png", "Brand": "PC Black Label", "Url": "https://www.maxi.ca/ras-el-hanout-spice-blend/p/20957167_EA", "Sub Category": null, "English Name": "Ras El Hanout Spice Blend", "Size": "180 ml", "Size Label": "ea"}, {"Category": "Spices & Seasonings", "Aisle": "Pantry", "Sku": "21117359_EA", "Regular Price": "None", "Sale Price": "5.49", "Image": "https://assets.shop.loblaws.ca/products/21117359/b1/en/front/21117359_front_a01_@2.png", "Brand": "President's Choice", "Url": "https://www.maxi.ca/thyme-leaves/p/21117359_EA", "Sub Category": null, "English Name": "Thyme Leaves", "Size": "24 g", "Size Label": "ea"}, {"Category": "Spices & Seasonings", "Aisle": "Pantry", "Sku": "21359088_EA", "Regular Price": "None", "Sale Price": "6.99", "Image": "https://assets.shop.loblaws.ca/products/21359088/b1/en/front/21359088_front_a01_@2.png", "Brand": "St Hubert", "Url": "https://www.maxi.ca/seasoning-piri-piri/p/21359088_EA", "Sub Category": null, "English Name": "Seasoning Piri Piri", "Size": "205 g", "Size Label": "ea"}, {"Category": "Spices & Seasonings", "Aisle": "Pantry", "Sku": "20037670_EA", "Regular Price": "None", "Sale Price": "2.49", "Image": "https://assets.shop.loblaws.ca/products/20037670/b1/en/front/20037670_front_a01_@2.png", "Brand": "Dion", "Url": "https://www.maxi.ca/savory/p/20037670_EA", "Sub Category": null, "English Name": "Savory      ", "Size": "17 g", "Size Label": "ea"}, {"Category": "Spices & Seasonings", "Aisle": "Pantry", "Sku": "20182879_EA", "Regular Price": "None", "Sale Price": "14.99", "Image": "https://assets.shop.loblaws.ca/products/20182879/b1/en/front/20182879_front_a01_@2.png", "Brand": "No Name", "Url": "https://www.maxi.ca/ground-black-pepper/p/20182879_EA", "Sub Category": null, "English Name": "Ground Black Pepper", "Size": "540 g", "Size Label": "ea"}, {"Category": "Spices & Seasonings", "Aisle": "Pantry", "Sku": "20307549_EA", "Regular Price": "None", "Sale Price": "6.29", "Image": "https://assets.shop.loblaws.ca/products/20307549/b1/en/front/20307549_front_a01_@2.png", "Brand": "Club House", "Url": "https://www.maxi.ca/la-grille-barbecue-chicken-seasoning/p/20307549_EA", "Sub Category": null, "English Name": "La Grille, Barbecue Chicken Seasoning", "Size": "203 g", "Size Label": "ea"}, {"Category": "Spices & Seasonings", "Aisle": "Pantry", "Sku": "20765285_EA", "Regular Price": "None", "Sale Price": "6.49", "Image": "https://assets.shop.loblaws.ca/products/20765285/b1/en/front/20765285_front_a01_@2.png", "Brand": "Club House", "Url": "https://www.maxi.ca/signature-blends-salt-free-garlic/p/20765285_EA", "Sub Category": null, "English Name": "Signature Blends, Salt Free Garlic", "Size": "142 g", "Size Label": "ea"}, {"Category": "Spices & Seasonings", "Aisle": "Pantry", "Sku": "20106578_EA", "Regular Price": "None", "Sale Price": "2.99", "Image": "https://assets.shop.loblaws.ca/products/20106578/b1/en/front/20106578_front_a01_@2.png", "Brand": "Dion", "Url": "https://www.maxi.ca/celery-salt/p/20106578_EA", "Sub Category": null, "English Name": "Celery Salt", "Size": "60 g", "Size Label": "ea"}, {"Category": "Spices & Seasonings", "Aisle": "Pantry", "Sku": "21122652_EA", "Regular Price": "None", "Sale Price": "2.79", "Image": "https://assets.shop.loblaws.ca/products/21122652/b1/en/front/21122652_front_a01_@2.png", "Brand": "No Name", "Url": "https://www.maxi.ca/pork-coating-mix/p/21122652_EA", "Sub Category": null, "English Name": "Pork Coating Mix", "Size": "162 g", "Size Label": "ea"}, {"Category": "Spices & Seasonings", "Aisle": "Pantry", "Sku": "20038978_EA", "Regular Price": "None", "Sale Price": "2.79", "Image": "https://assets.shop.loblaws.ca/products/20038978/b1/en/front/20038978_front_a01_@2.png", "Brand": "Dion", "Url": "https://www.maxi.ca/ground-cumin/p/20038978_EA", "Sub Category": null, "English Name": "Ground Cumin", "Size": "31 g", "Size Label": "ea"}, {"Category": "Spices & Seasonings", "Aisle": "Pantry", "Sku": "20135459_EA", "Regular Price": "None", "Sale Price": "3.29", "Image": "https://assets.shop.loblaws.ca/products/20135459/b1/en/front/20135459_front_a01_@2.png", "Brand": "Dion", "Url": "https://www.maxi.ca/cumin-seeds/p/20135459_EA", "Sub Category": null, "English Name": "Cumin Seeds", "Size": "41 g", "Size Label": "ea"}, {"Category": "Spices & Seasonings", "Aisle": "Pantry", "Sku": "20042131_EA", "Regular Price": "None", "Sale Price": "3.49", "Image": "https://assets.shop.loblaws.ca/products/20042131/b1/en/front/20042131_front_a01_@2.png", "Brand": "Dion", "Url": "https://www.maxi.ca/small-chives/p/20042131_EA", "Sub Category": null, "English Name": "Small Chives", "Size": "8 g", "Size Label": "ea"}, {"Category": "Spices & Seasonings", "Aisle": "Pantry", "Sku": "20164375_EA", "Regular Price": "None", "Sale Price": "4.69", "Image": "https://assets.shop.loblaws.ca/products/20164375/b1/en/front/20164375_front_a01_@2.png", "Brand": "Dion", "Url": "https://www.maxi.ca/star-anise/p/20164375_EA", "Sub Category": null, "English Name": "Star Anise", "Size": "45 g", "Size Label": "ea"}, {"Category": "Spices & Seasonings", "Aisle": "Pantry", "Sku": "21117312_EA", "Regular Price": "None", "Sale Price": "5.99", "Image": "https://assets.shop.loblaws.ca/products/21117312/b1/en/front/21117312_front_a01_@2.png", "Brand": "President's Choice", "Url": "https://www.maxi.ca/medium-curry-powder/p/21117312_EA", "Sub Category": null, "English Name": "Medium Curry Powder", "Size": "42 g", "Size Label": "ea"}, {"Category": "Spices & Seasonings", "Aisle": "Pantry", "Sku": "20836385002_EA", "Regular Price": "None", "Sale Price": "5.99", "Image": "https://assets.shop.loblaws.ca/products/20836385002/b1/en/front/20836385002_front_a01_@2.png", "Brand": "Jardiniere", "Url": "https://www.maxi.ca/spices-for-vegetables-greek-style-potatoes/p/20836385002_EA", "Sub Category": null, "English Name": "Spices for Vegetables Greek Style Potatoes", "Size": "180 g", "Size Label": "ea"}, {"Category": "Spices & Seasonings", "Aisle": "Pantry", "Sku": "20115840_EA", "Regular Price": "None", "Sale Price": "5.49", "Image": "https://assets.shop.loblaws.ca/products/20115840/b1/en/front/20115840_front_a01_@2.png", "Brand": "Dion", "Url": "https://www.maxi.ca/pure-black-pepper/p/20115840_EA", "Sub Category": null, "English Name": "Pure Black Pepper", "Size": "78 g", "Size Label": "ea"}, {"Category": "Spices & Seasonings", "Aisle": "Pantry", "Sku": "20631168_EA", "Regular Price": "None", "Sale Price": "3.29", "Image": "https://assets.shop.loblaws.ca/products/20631168/b1/en/front/20631168_front_a01_@2.png", "Brand": "Dion", "Url": "https://www.maxi.ca/seasoning-salt/p/20631168_EA", "Sub Category": null, "English Name": "Seasoning Salt", "Size": "70 g", "Size Label": "ea"}, {"Category": "Spices & Seasonings", "Aisle": "Pantry", "Sku": "20871445002_EA", "Regular Price": "None", "Sale Price": "4.29", "Image": "https://assets.shop.loblaws.ca/products/20871445002/b1/en/front/20871445002_front_a01_@2.png", "Brand": "4C", "Url": "https://www.maxi.ca/japanese-style-bread-crumbs/p/20871445002_EA", "Sub Category": null, "English Name": "Japanese Style Bread Crumbs", "Size": "227 g", "Size Label": "ea"}, {"Category": "Spices & Seasonings", "Aisle": "Pantry", "Sku": "20152589_EA", "Regular Price": "None", "Sale Price": "3.29", "Image": "https://assets.shop.loblaws.ca/products/20152589/b1/en/front/20152589_front_a01_@2.png", "Brand": "Dion", "Url": "https://www.maxi.ca/ground-cayenne/p/20152589_EA", "Sub Category": null, "English Name": "Ground Cayenne", "Size": "34 g", "Size Label": "ea"}, {"Category": "Spices & Seasonings", "Aisle": "Pantry", "Sku": "20086934_EA", "Regular Price": "None", "Sale Price": "3.99", "Image": "https://assets.shop.loblaws.ca/products/20086934/b1/en/front/20086934_front_a01_@2.png", "Brand": "Dion", "Url": "https://www.maxi.ca/oregano/p/20086934_EA", "Sub Category": null, "English Name": "Oregano", "Size": "37 g", "Size Label": "ea"}, {"Category": "Spices & Seasonings", "Aisle": "Pantry", "Sku": "20037987_EA", "Regular Price": "None", "Sale Price": "2.49", "Image": "https://assets.shop.loblaws.ca/products/20037987/b1/en/front/20037987_front_a01_@2.png", "Brand": "Dion", "Url": "https://www.maxi.ca/marjoram/p/20037987_EA", "Sub Category": null, "English Name": "Marjoram      ", "Size": "8 g", "Size Label": "ea"}, {"Category": "Spices & Seasonings", "Aisle": "Pantry", "Sku": "20320556001_EA", "Regular Price": "None", "Sale Price": "6.29", "Image": "https://assets.shop.loblaws.ca/products/20320556001/b1/en/front/20320556001_front_a01_@2.png", "Brand": "Club House", "Url": "https://www.maxi.ca/la-grille-no-salt-added-steak-spice-seasoning/p/20320556001_EA", "Sub Category": null, "English Name": "La Grille, No Salt Added Steak Spice Seasoning", "Size": "130 g", "Size Label": "ea"}, {"Category": "Spices & Seasonings", "Aisle": "Pantry", "Sku": "20110857_EA", "Regular Price": "None", "Sale Price": "3.29", "Image": "https://assets.shop.loblaws.ca/products/20110857/b1/en/front/20110857_front_a01_@2.png", "Brand": "Dion", "Url": "https://www.maxi.ca/granulated-garlic/p/20110857_EA", "Sub Category": null, "English Name": "Granulated Garlic", "Size": "55 g", "Size Label": "ea"}, {"Category": "Spices & Seasonings", "Aisle": "Pantry", "Sku": "20871099001_EA", "Regular Price": "None", "Sale Price": "4.29", "Image": "https://assets.shop.loblaws.ca/products/20871099001/b1/en/front/20871099001_front_a01_@2.png", "Brand": "4C", "Url": "https://www.maxi.ca/seasoned-bread-crumbs/p/20871099001_EA", "Sub Category": null, "English Name": "Seasoned Bread Crumbs", "Size": "425 g", "Size Label": "ea"}, {"Category": "Spices & Seasonings", "Aisle": "Pantry", "Sku": "20183341001_EA", "Regular Price": "None", "Sale Price": "6.29", "Image": "https://assets.shop.loblaws.ca/products/20183341001/b1/en/front/20183341001_front_a01_@2.png", "Brand": "Club House", "Url": "https://www.maxi.ca/garlic-salt/p/20183341001_EA", "Sub Category": null, "English Name": "Garlic Salt", "Size": "220 g", "Size Label": "ea"}, {"Category": "Spices & Seasonings", "Aisle": "Pantry", "Sku": "20315247002_EA", "Regular Price": "None", "Sale Price": "6.29", "Image": "https://assets.shop.loblaws.ca/products/20315247002/b1/en/front/20315247002_front_a01_@2.png", "Brand": "Club House", "Url": "https://www.maxi.ca/la-grille-pork-seasoning/p/20315247002_EA", "Sub Category": null, "English Name": "La Grille, Pork Seasoning", "Size": "120 g", "Size Label": "ea"}, {"Category": "Spices & Seasonings", "Aisle": "Pantry", "Sku": "20074770_EA", "Regular Price": "None", "Sale Price": "2.99", "Image": "https://assets.shop.loblaws.ca/products/20074770/b1/en/front/20074770_front_a01_@2.png", "Brand": "Derlea", "Url": "https://www.maxi.ca/garlic-minced/p/20074770_EA", "Sub Category": null, "English Name": "Garlic, Minced", "Size": "125 g", "Size Label": "ea"}, {"Category": "Spices & Seasonings", "Aisle": "Pantry", "Sku": "20319194001_EA", "Regular Price": "None", "Sale Price": "4.79", "Image": "https://assets.shop.loblaws.ca/products/20319194001/b1/en/front/20319194001_front_a01_@2.png", "Brand": "President's Choice", "Url": "https://www.maxi.ca/rainbow-peppercorn-blend/p/20319194001_EA", "Sub Category": null, "English Name": "Rainbow Peppercorn Blend", "Size": "45 g", "Size Label": "ea"}, {"Category": "Spices & Seasonings", "Aisle": "Pantry", "Sku": "20064552_EA", "Regular Price": "None", "Sale Price": "4.79", "Image": "https://assets.shop.loblaws.ca/products/20064552/b1/en/front/20064552_front_a01_@2.png", "Brand": "President's Choice", "Url": "https://www.maxi.ca/himalayan-rock-salts/p/20064552_EA", "Sub Category": null, "English Name": "Himalayan Rock Salts ", "Size": "100 g", "Size Label": "ea"}, {"Category": "Spices & Seasonings", "Aisle": "Pantry", "Sku": "20184041_EA", "Regular Price": "None", "Sale Price": "3.49", "Image": "https://assets.shop.loblaws.ca/products/20184041/b1/en/front/20184041_front_a01_@2.png", "Brand": "Dion", "Url": "https://www.maxi.ca/chervil/p/20184041_EA", "Sub Category": null, "English Name": "Chervil", "Size": "6 g", "Size Label": "ea"}, {"Category": "Spices & Seasonings", "Aisle": "Pantry", "Sku": "21422013_EA", "Regular Price": "4.99", "Sale Price": "3.99", "Image": "https://assets.shop.loblaws.ca/products/21422013/b1/en/front/21422013_front_a01_@2.png", "Brand": "Mrs Dash", "Url": "https://www.maxi.ca/seasoning-blend-table-blend/p/21422013_EA", "Sub Category": null, "English Name": "Seasoning Blend Table Blend", "Size": "70 g", "Size Label": "ea"}, {"Category": "Spices & Seasonings", "Aisle": "Pantry", "Sku": "21464744_EA", "Regular Price": "None", "Sale Price": "4.79", "Image": "https://assets.shop.loblaws.ca/products/21464744/b1/en/front/21464744_front_a01_@2.png", "Brand": "Windsor", "Url": "https://www.maxi.ca/grinder-refill-sea-salt-extra-coarse/p/21464744_EA", "Sub Category": null, "English Name": "Grinder Refill Sea Salt Extra Coarse", "Size": "255 g", "Size Label": "ea"}, {"Category": "Spices & Seasonings", "Aisle": "Pantry", "Sku": "20039456_EA", "Regular Price": "None", "Sale Price": "11.99", "Image": "https://assets.shop.loblaws.ca/products/20039456/b1/en/front/20039456_front_a01_@2.png", "Brand": "Windsor", "Url": "https://www.maxi.ca/fleur-de-sel-de-camargue/p/20039456_EA", "Sub Category": null, "English Name": "Fleur de Sel de Camargue", "Size": "125 g", "Size Label": "ea"}, {"Category": "Spices & Seasonings", "Aisle": "Pantry", "Sku": "20130301_EA", "Regular Price": "None", "Sale Price": "13.49", "Image": "https://assets.shop.loblaws.ca/products/20130301/b1/en/front/20130301_front_a01_@2.png", "Brand": "Club House", "Url": "https://www.maxi.ca/la-grille-montreal-steak-spice-seasoning/p/20130301_EA", "Sub Category": null, "English Name": "La Grille, Montreal Steak Spice Seasoning", "Size": "825 g", "Size Label": "ea"}, {"Category": "Spices & Seasonings", "Aisle": "Pantry", "Sku": "20145609_EA", "Regular Price": "None", "Sale Price": "6.99", "Image": "https://assets.shop.loblaws.ca/products/20145609/b1/en/front/20145609_front_a01_@2.png", "Brand": "Club House", "Url": "https://www.maxi.ca/black-pepper-ground/p/20145609_EA", "Sub Category": null, "English Name": "Black Pepper, Ground", "Size": "115 g", "Size Label": "ea"}, {"Category": "Spices & Seasonings", "Aisle": "Pantry", "Sku": "20308006001_EA", "Regular Price": "None", "Sale Price": "6.49", "Image": "https://assets.shop.loblaws.ca/products/20308006001/b1/en/front/20308006001_front_a01_@2.png", "Brand": "Club House", "Url": "https://www.maxi.ca/signature-blend-cajun/p/20308006001_EA", "Sub Category": null, "English Name": "Signature Blend, Cajun", "Size": "120 g", "Size Label": "ea"}, {"Category": "Spices & Seasonings", "Aisle": "Pantry", "Sku": "20840655_EA", "Regular Price": "None", "Sale Price": "5.29", "Image": "https://assets.shop.loblaws.ca/products/20840655/b1/en/front/20840655_front_a01_@2.png", "Brand": "Aurora", "Url": "https://www.maxi.ca/plain-bread-crumbs-panko/p/20840655_EA", "Sub Category": null, "English Name": "Plain Bread Crumbs, Panko", "Size": "227 g", "Size Label": "ea"}, {"Category": "Spices & Seasonings", "Aisle": "Pantry", "Sku": "20184282001_EA", "Regular Price": "None", "Sale Price": "3.99", "Image": "https://assets.shop.loblaws.ca/products/20184282001/b1/en/front/20184282001_front_a01_@2.png", "Brand": "Pastene", "Url": "https://www.maxi.ca/bread-crumbs-plain/p/20184282001_EA", "Sub Category": null, "English Name": "Bread Crumbs, Plain", "Size": "425 g", "Size Label": "ea"}, {"Category": "Spices & Seasonings", "Aisle": "Pantry", "Sku": "20042258_EA", "Regular Price": "None", "Sale Price": "2.69", "Image": "https://assets.shop.loblaws.ca/products/20042258/b1/en/front/20042258_front_a01_@2.png", "Brand": "Dion", "Url": "https://www.maxi.ca/onion-salt/p/20042258_EA", "Sub Category": null, "English Name": "Onion Salt     ", "Size": "80 g", "Size Label": "ea"}, {"Category": "Spices & Seasonings", "Aisle": "Pantry", "Sku": "20073539_EA", "Regular Price": "None", "Sale Price": "4.69", "Image": "https://assets.shop.loblaws.ca/products/20073539/b1/en/front/20073539_front_a01_@2.png", "Brand": "Dion", "Url": "https://www.maxi.ca/lemon-pepper/p/20073539_EA", "Sub Category": null, "English Name": "Lemon Pepper", "Size": "54 g", "Size Label": "ea"}, {"Category": "Spices & Seasonings", "Aisle": "Pantry", "Sku": "20035908_EA", "Regular Price": "None", "Sale Price": "8.49", "Image": "https://assets.shop.loblaws.ca/products/20035908/b1/en/front/20035908_front_a01_@2.png", "Brand": "Kraft", "Url": "https://www.maxi.ca/shake-n-bake-chicken-coating-mix/p/20035908_EA", "Sub Category": null, "English Name": "Shake'n Bake Chicken Coating Mix", "Size": "283 g", "Size Label": "ea"}, {"Category": "Spices & Seasonings", "Aisle": "Pantry", "Sku": "20026046_EA", "Regular Price": "None", "Sale Price": "3.49", "Image": "https://assets.shop.loblaws.ca/products/20026046/b1/en/front/20026046_front_a01_@2.png", "Brand": "Dion", "Url": "https://www.maxi.ca/italian-herbs/p/20026046_EA", "Sub Category": null, "English Name": "Italian Herbs", "Size": "16 g", "Size Label": "ea"}, {"Category": "Spices & Seasonings", "Aisle": "Pantry", "Sku": "20157926_EA", "Regular Price": "None", "Sale Price": "3.49", "Image": "https://assets.shop.loblaws.ca/products/20157926/b1/en/front/20157926_front_a01_@2.png", "Brand": "Dion", "Url": "https://www.maxi.ca/fish-seasoning/p/20157926_EA", "Sub Category": null, "English Name": "Fish Seasoning", "Size": "57 g", "Size Label": "ea"}, {"Category": "Spices & Seasonings", "Aisle": "Pantry", "Sku": "20871099002_EA", "Regular Price": "None", "Sale Price": "4.29", "Image": "https://assets.shop.loblaws.ca/products/20871099002/b1/en/front/20871099002_front_a01_@2.png", "Brand": "4C", "Url": "https://www.maxi.ca/plain-bread-crumbs/p/20871099002_EA", "Sub Category": null, "English Name": "Plain Bread Crumbs", "Size": "425 g", "Size Label": "ea"}, {"Category": "Spices & Seasonings", "Aisle": "Pantry", "Sku": "20836441001_EA", "Regular Price": "None", "Sale Price": "5.99", "Image": "https://assets.shop.loblaws.ca/products/20836441001/b1/en/front/20836441001_front_a01_@2.png", "Brand": "Jardiniere", "Url": "https://www.maxi.ca/spices-for-vegetables-roasted-potatoes/p/20836441001_EA", "Sub Category": null, "English Name": "Spices for Vegetables Roasted Potatoes", "Size": "220 g", "Size Label": "ea"}, {"Category": "Spices & Seasonings", "Aisle": "Pantry", "Sku": "20040592_EA", "Regular Price": "None", "Sale Price": "2.49", "Image": "https://assets.shop.loblaws.ca/products/20040592/b1/en/front/20040592_front_a01_@2.png", "Brand": "Dion", "Url": "https://www.maxi.ca/fennel-seeds/p/20040592_EA", "Sub Category": null, "English Name": "Fennel Seeds", "Size": "27 g", "Size Label": "ea"}, {"Category": "Spices & Seasonings", "Aisle": "Pantry", "Sku": "21038672_EA", "Regular Price": "None", "Sale Price": "6.49", "Image": "https://assets.shop.loblaws.ca/products/21038672/b1/en/front/21038672_front_a01_@2.png", "Brand": "Club House", "Url": "https://www.maxi.ca/mccormick-ground-turmeric/p/21038672_EA", "Sub Category": null, "English Name": "McCormick Ground Turmeric", "Size": "102 g", "Size Label": "ea"}, {"Category": "Spices & Seasonings", "Aisle": "Pantry", "Sku": "21422068_EA", "Regular Price": "4.99", "Sale Price": "3.99", "Image": "https://assets.shop.loblaws.ca/products/21422068/b1/en/front/21422068_front_a01_@2.png", "Brand": "Mrs Dash", "Url": "https://www.maxi.ca/seasoning-blend-original/p/21422068_EA", "Sub Category": null, "English Name": "Seasoning Blend Original", "Size": "70 g", "Size Label": "ea"}, {"Category": "Spices & Seasonings", "Aisle": "Pantry", "Sku": "21023755_EA", "Regular Price": "None", "Sale Price": "7.99", "Image": "https://assets.shop.loblaws.ca/products/21023755/b1/en/front/21023755_front_a01_@2.png", "Brand": "No Name", "Url": "https://www.maxi.ca/crushed-red-pepper/p/21023755_EA", "Sub Category": null, "English Name": "Crushed Red Pepper", "Size": "350 g", "Size Label": "ea"}, {"Category": "Spices & Seasonings", "Aisle": "Pantry", "Sku": "20701904_EA", "Regular Price": "None", "Sale Price": "6.99", "Image": "https://assets.shop.loblaws.ca/products/20701904/b1/en/front/20701904_front_a01_@2.png", "Brand": "Windsor", "Url": "https://www.maxi.ca/salt-free-salt-substitute/p/20701904_EA", "Sub Category": null, "English Name": "Salt Free Salt Substitute", "Size": "311 g", "Size Label": "ea"}, {"Category": "Spices & Seasonings", "Aisle": "Pantry", "Sku": "20038299_EA", "Regular Price": "None", "Sale Price": "4.99", "Image": "https://assets.shop.loblaws.ca/products/20038299/b1/en/front/20038299_front_a01_@2.png", "Brand": "Windsor", "Url": "https://www.maxi.ca/iodized-salt-pepper/p/20038299_EA", "Sub Category": null, "English Name": "Iodized Salt & Pepper", "Size": "155 g", "Size Label": "ea"}, {"Category": "Spices & Seasonings", "Aisle": "Pantry", "Sku": "20957513_EA", "Regular Price": "None", "Sale Price": "6.29", "Image": "https://assets.shop.loblaws.ca/products/20957513/b1/en/front/20957513_front_a01_@2.png", "Brand": "Club House", "Url": "https://www.maxi.ca/la-grille-spicy-montreal-steak-spice-seasoning/p/20957513_EA", "Sub Category": null, "English Name": "La Grille, Spicy Montreal Steak Spice Seasoning", "Size": "157 g", "Size Label": "ea"}, {"Category": "Spices & Seasonings", "Aisle": "Pantry", "Sku": "20092698_EA", "Regular Price": "None", "Sale Price": "3.69", "Image": "https://assets.shop.loblaws.ca/products/20092698/b1/en/front/20092698_front_a01_@2.png", "Brand": "Dion", "Url": "https://www.maxi.ca/steak-spices-no-salt/p/20092698_EA", "Sub Category": null, "English Name": "Steak Spices, No Salt", "Size": "48 g", "Size Label": "ea"}, {"Category": "Spices & Seasonings", "Aisle": "Pantry", "Sku": "20061814_EA", "Regular Price": "None", "Sale Price": "3.69", "Image": "https://assets.shop.loblaws.ca/products/20061814/b1/en/front/20061814_front_a01_@2.png", "Brand": "Dion", "Url": "https://www.maxi.ca/juniper-berries/p/20061814_EA", "Sub Category": null, "English Name": "Juniper Berries", "Size": "26 g", "Size Label": "ea"}, {"Category": "Spices & Seasonings", "Aisle": "Pantry", "Sku": "20167168_EA", "Regular Price": "None", "Sale Price": "2.49", "Image": "https://assets.shop.loblaws.ca/products/20167168/b1/en/front/20167168_front_a01_@2.png", "Brand": "Dion", "Url": "https://www.maxi.ca/rosemary/p/20167168_EA", "Sub Category": null, "English Name": "Rosemary      ", "Size": "23 g", "Size Label": "ea"}, {"Category": "Spices & Seasonings", "Aisle": "Pantry", "Sku": "20021457_EA", "Regular Price": "None", "Sale Price": "2.99", "Image": "https://assets.shop.loblaws.ca/products/20021457/b1/en/front/20021457_front_a01_@2.png", "Brand": "Dion", "Url": "https://www.maxi.ca/minced-garlic/p/20021457_EA", "Sub Category": null, "English Name": "Minced Garlic     ", "Size": "55 g", "Size Label": "ea"}, {"Category": "Spices & Seasonings", "Aisle": "Pantry", "Sku": "20836441001_EA", "Regular Price": "None", "Sale Price": "5.99", "Image": "https://assets.shop.loblaws.ca/products/20836441001/b1/en/front/20836441001_front_a01_@2.png", "Brand": "Jardiniere", "Url": "https://www.maxi.ca/spices-for-vegetables-roasted-potatoes/p/20836441001_EA", "Sub Category": null, "English Name": "Spices for Vegetables Roasted Potatoes", "Size": "220 g", "Size Label": "ea"}, {"Category": "Spices & Seasonings", "Aisle": "Pantry", "Sku": "20315247001_EA", "Regular Price": "None", "Sale Price": "6.29", "Image": "https://assets.shop.loblaws.ca/products/20315247001/b1/en/front/20315247001_front_a01_@2.png", "Brand": "Club House", "Url": "https://www.maxi.ca/la-grille-brazillian-style-bbq-seasoning/p/20315247001_EA", "Sub Category": null, "English Name": "La Grille, Brazillian Style BBQ Seasoning", "Size": "120 g", "Size Label": "ea"}, {"Category": "Spices & Seasonings", "Aisle": "Pantry", "Sku": "20118259_EA", "Regular Price": "None", "Sale Price": "2.99", "Image": "https://assets.shop.loblaws.ca/products/20118259/b1/en/front/20118259_front_a01_@2.png", "Brand": "Dion", "Url": "https://www.maxi.ca/ground-cinnamon/p/20118259_EA", "Sub Category": null, "English Name": "Ground Cinnamon", "Size": "30 g", "Size Label": "ea"}, {"Category": "Spices & Seasonings", "Aisle": "Pantry", "Sku": "20189690_EA", "Regular Price": "None", "Sale Price": "11.79", "Image": "https://assets.shop.loblaws.ca/products/20189690/b1/en/front/20189690_front_a01_@2.png", "Brand": "Club House", "Url": "https://www.maxi.ca/la-grille-montreal-chicken-seasoning/p/20189690_EA", "Sub Category": null, "English Name": "La Grille, Montreal Chicken Seasoning", "Size": "675 g", "Size Label": "ea"}, {"Category": "Spices & Seasonings", "Aisle": "Pantry", "Sku": "20315247003_EA", "Regular Price": "None", "Sale Price": "6.29", "Image": "https://assets.shop.loblaws.ca/products/20315247003/b1/en/front/20315247003_front_a01_@2.png", "Brand": "Club House", "Url": "https://www.maxi.ca/la-grille-no-salt-added-vegetable-seasoning/p/20315247003_EA", "Sub Category": null, "English Name": "La Grille, No Salt Added Vegetable Seasoning", "Size": "122 g", "Size Label": "ea"}, {"Category": "Spices & Seasonings", "Aisle": "Pantry", "Sku": "21359116_EA", "Regular Price": "None", "Sale Price": "6.99", "Image": "https://assets.shop.loblaws.ca/products/21359116/b1/en/front/21359116_front_a01_@2.png", "Brand": "St Hubert", "Url": "https://www.maxi.ca/seasoning-indian/p/21359116_EA", "Sub Category": null, "English Name": "Seasoning Indian", "Size": "180 g", "Size Label": "ea"}, {"Category": "Spices & Seasonings", "Aisle": "Pantry", "Sku": "21375718_EA", "Regular Price": "None", "Sale Price": "3.29", "Image": "https://assets.shop.loblaws.ca/products/21375718/b1/en/front/21375718_front_a01_@2.png", "Brand": "President's Choice", "Url": "https://www.maxi.ca/plant-based-pea-crumbs/p/21375718_EA", "Sub Category": null, "English Name": "Plant Based Pea Crumbs", "Size": "250 g", "Size Label": "ea"}, {"Category": "Spices & Seasonings", "Aisle": "Pantry", "Sku": "21117316_EA", "Regular Price": "None", "Sale Price": "6.49", "Image": "https://assets.shop.loblaws.ca/products/21117316/b1/en/front/21117316_front_a01_@2.png", "Brand": "President's Choice", "Url": "https://www.maxi.ca/ground-oregano/p/21117316_EA", "Sub Category": null, "English Name": "Ground Oregano", "Size": "32 g", "Size Label": "ea"}, {"Category": "Spices & Seasonings", "Aisle": "Pantry", "Sku": "21117356_EA", "Regular Price": "None", "Sale Price": "4.99", "Image": "https://assets.shop.loblaws.ca/products/21117356/b1/en/front/21117356_front_a01_@2.png", "Brand": "President's Choice", "Url": "https://www.maxi.ca/tarragon-leaves/p/21117356_EA", "Sub Category": null, "English Name": "Tarragon Leaves", "Size": "13 g", "Size Label": "ea"}, {"Category": "Spices & Seasonings", "Aisle": "Pantry", "Sku": "21117318_EA", "Regular Price": "None", "Sale Price": "4.99", "Image": "https://assets.shop.loblaws.ca/products/21117318/b1/en/front/21117318_front_a01_@2.png", "Brand": "President's Choice", "Url": "https://www.maxi.ca/paprika/p/21117318_EA", "Sub Category": null, "English Name": "Paprika", "Size": "48 g", "Size Label": "ea"}, {"Category": "Spices & Seasonings", "Aisle": "Pantry", "Sku": "21117314_EA", "Regular Price": "None", "Sale Price": "6.49", "Image": "https://assets.shop.loblaws.ca/products/21117314/b1/en/front/21117314_front_a01_@2.png", "Brand": "President's Choice", "Url": "https://www.maxi.ca/ground-nutmeg/p/21117314_EA", "Sub Category": null, "English Name": "Ground Nutmeg", "Size": "51 g", "Size Label": "ea"}, {"Category": "Spices & Seasonings", "Aisle": "Pantry", "Sku": "21117322_EA", "Regular Price": "None", "Sale Price": "4.99", "Image": "https://assets.shop.loblaws.ca/products/21117322/b1/en/front/21117322_front_a01_@2.png", "Brand": "President's Choice", "Url": "https://www.maxi.ca/ground-cumin/p/21117322_EA", "Sub Category": null, "English Name": "Ground Cumin", "Size": "42 g", "Size Label": "ea"}, {"Category": "Spices & Seasonings", "Aisle": "Pantry", "Sku": "21117372_EA", "Regular Price": "None", "Sale Price": "6.49", "Image": "https://assets.shop.loblaws.ca/products/21117372/b1/en/front/21117372_front_a01_@2.png", "Brand": "President's Choice", "Url": "https://www.maxi.ca/oregano-leaves/p/21117372_EA", "Sub Category": null, "English Name": "Oregano Leaves", "Size": "14 g", "Size Label": "ea"}, {"Category": "Spices & Seasonings", "Aisle": "Pantry", "Sku": "21117292_EA", "Regular Price": "None", "Sale Price": "9.49", "Image": "https://assets.shop.loblaws.ca/products/21117292/b1/en/front/21117292_front_a01_@2.png", "Brand": "President's Choice", "Url": "https://www.maxi.ca/ground-cardamom/p/21117292_EA", "Sub Category": null, "English Name": "Ground Cardamom", "Size": "45 g", "Size Label": "ea"}, {"Category": "Spices & Seasonings", "Aisle": "Pantry", "Sku": "21377217_EA", "Regular Price": "None", "Sale Price": "4.19", "Image": "https://assets.shop.loblaws.ca/products/21377217/b1/en/front/21377217_front_a01_@2.png", "Brand": "Pope", "Url": "https://www.maxi.ca/bread-crumbs-plain/p/21377217_EA", "Sub Category": null, "English Name": "Bread Crumbs Plain", "Size": "425 g", "Size Label": "ea"}, {"Category": "Spices & Seasonings", "Aisle": "Pantry", "Sku": "20764296_EA", "Regular Price": "None", "Sale Price": "6.29", "Image": "https://assets.shop.loblaws.ca/products/20764296/b1/en/front/20764296_front_a01_@2.png", "Brand": "Club House", "Url": "https://www.maxi.ca/la-grille-maple-bacon-seasoning/p/20764296_EA", "Sub Category": null, "English Name": "La Grille, Maple Bacon Seasoning", "Size": "152 g", "Size Label": "ea"}, {"Category": "Spices & Seasonings", "Aisle": "Pantry", "Sku": "20871445001_EA", "Regular Price": "None", "Sale Price": "4.29", "Image": "https://assets.shop.loblaws.ca/products/20871445001/b1/en/front/20871445001_front_a01_@2.png", "Brand": "4C", "Url": "https://www.maxi.ca/japanese-style-bread-crumbs-seasoned/p/20871445001_EA", "Sub Category": null, "English Name": "Japanese Style Bread Crumbs, Seasoned", "Size": "227 g", "Size Label": "ea"}, {"Category": "Spices & Seasonings", "Aisle": "Pantry", "Sku": "20151877_EA", "Regular Price": "None", "Sale Price": "5.29", "Image": "https://assets.shop.loblaws.ca/products/20151877/b1/en/front/20151877_front_a01_@2.png", "Brand": "Dion", "Url": "https://www.maxi.ca/bbq-spices/p/20151877_EA", "Sub Category": null, "English Name": "BBQ Spices", "Size": "163 g", "Size Label": "ea"}, {"Category": "Spices & Seasonings", "Aisle": "Pantry", "Sku": "20321740002_EA", "Regular Price": "None", "Sale Price": "6.29", "Image": "https://assets.shop.loblaws.ca/products/20321740002/b1/en/front/20321740002_front_a01_@2.png", "Brand": "Club House", "Url": "https://www.maxi.ca/la-grille-montreal-chicken-seasoning/p/20321740002_EA", "Sub Category": null, "English Name": "La Grille, Montreal Chicken Seasoning", "Size": "170 g", "Size Label": "ea"}, {"Category": "Spices & Seasonings", "Aisle": "Pantry", "Sku": "20309777002_EA", "Regular Price": "None", "Sale Price": "6.49", "Image": "https://assets.shop.loblaws.ca/products/20309777002/b1/en/front/20309777002_front_a01_@2.png", "Brand": "Club House", "Url": "https://www.maxi.ca/signature-blends-garlic-plus/p/20309777002_EA", "Sub Category": null, "English Name": "Signature Blends, Garlic Plus", "Size": "141 g", "Size Label": "ea"}, {"Category": "Spices & Seasonings", "Aisle": "Pantry", "Sku": "21523405_EA", "Regular Price": "None", "Sale Price": "1.79", "Image": "https://assets.shop.loblaws.ca/products/21523405/b1/en/front/21523405_front_a01_@2.png", "Brand": "Club House", "Url": "https://www.maxi.ca/salads-n-dips-seasoning-mix-guacamole/p/21523405_EA", "Sub Category": null, "English Name": "Salads'n Dips Seasoning Mix Guacamole", "Size": "20 g", "Size Label": "ea"}, {"Category": "Spices & Seasonings", "Aisle": "Pantry", "Sku": "21034633_EA", "Regular Price": "None", "Sale Price": "5.99", "Image": "https://assets.shop.loblaws.ca/products/21034633/b1/en/front/21034633_front_a01_@2.png", "Brand": "Keens", "Url": "https://www.maxi.ca/dry-mustard/p/21034633_EA", "Sub Category": null, "English Name": "Dry Mustard", "Size": "88 g", "Size Label": "ea"}, {"Category": "Spices & Seasonings", "Aisle": "Pantry", "Sku": "20301564_EA", "Regular Price": "None", "Sale Price": "6.49", "Image": "https://assets.shop.loblaws.ca/products/20301564/b1/en/front/20301564_front_a01_@2.png", "Brand": "Club House", "Url": "https://www.maxi.ca/one-step-seasoning-salad-herbs/p/20301564_EA", "Sub Category": null, "English Name": "One Step Seasoning, Salad Herbs", "Size": "111 g", "Size Label": "ea"}, {"Category": "Spices & Seasonings", "Aisle": "Pantry", "Sku": "20017568_EA", "Regular Price": "None", "Sale Price": "2.69", "Image": "https://assets.shop.loblaws.ca/products/20017568/b1/en/front/20017568_front_a01_@2.png", "Brand": "Dion", "Url": "https://www.maxi.ca/ground-ginger/p/20017568_EA", "Sub Category": null, "English Name": "Ground Ginger", "Size": "28 g", "Size Label": "ea"}, {"Category": "Spices & Seasonings", "Aisle": "Pantry", "Sku": "20025804_EA", "Regular Price": "None", "Sale Price": "2.69", "Image": "https://assets.shop.loblaws.ca/products/20025804/b1/en/front/20025804_front_a01_@2.png", "Brand": "Dion", "Url": "https://www.maxi.ca/ground-mustard/p/20025804_EA", "Sub Category": null, "English Name": "Ground Mustard", "Size": "29 g", "Size Label": "ea"}, {"Category": "Spices & Seasonings", "Aisle": "Pantry", "Sku": "20064193_EA", "Regular Price": "None", "Sale Price": "3.29", "Image": "https://assets.shop.loblaws.ca/products/20064193/b1/en/front/20064193_front_a01_@2.png", "Brand": "Dion", "Url": "https://www.maxi.ca/onion-powder/p/20064193_EA", "Sub Category": null, "English Name": "Onion Powder", "Size": "46 g", "Size Label": "ea"}, {"Category": "Spices & Seasonings", "Aisle": "Pantry", "Sku": "20084880_EA", "Regular Price": "None", "Sale Price": "4.69", "Image": "https://assets.shop.loblaws.ca/products/20084880/b1/en/front/20084880_front_a01_@2.png", "Brand": "Dion", "Url": "https://www.maxi.ca/white-ground-pepper/p/20084880_EA", "Sub Category": null, "English Name": "White Ground Pepper", "Size": "43 g", "Size Label": "ea"}, {"Category": "Spices & Seasonings", "Aisle": "Pantry", "Sku": "20653307_EA", "Regular Price": "None", "Sale Price": "2.99", "Image": "https://assets.shop.loblaws.ca/products/20653307/b1/en/front/20653307_front_a01_@2.png", "Brand": "Dion", "Url": "https://www.maxi.ca/coriander-leaves/p/20653307_EA", "Sub Category": null, "English Name": "Coriander Leaves", "Size": "6 g", "Size Label": "ea"}, {"Category": "Spices & Seasonings", "Aisle": "Pantry", "Sku": "21117360_EA", "Regular Price": "None", "Sale Price": "4.99", "Image": "https://assets.shop.loblaws.ca/products/21117360/b1/en/front/21117360_front_a01_@2.png", "Brand": "President's Choice", "Url": "https://www.maxi.ca/ground-turmeric/p/21117360_EA", "Sub Category": null, "English Name": "Ground Turmeric", "Size": "43 g", "Size Label": "ea"}, {"Category": "Condiments & Sauces", "Aisle": "Pantry", "Sku": "20069080_EA", "Regular Price": "None", "Sale Price": "5.29", "Image": "https://assets.shop.loblaws.ca/products/20069080/b1/en/front/20069080_front_a01_@2.png", "Brand": "Heinz", "Url": "https://www.maxi.ca/tomato-ketchup/p/20069080_EA", "Sub Category": null, "English Name": "Tomato Ketchup", "Size": "1 l", "Size Label": "ea"}, {"Category": "Condiments & Sauces", "Aisle": "Pantry", "Sku": "20618579001_EA", "Regular Price": "None", "Sale Price": "6.49", "Image": "https://assets.shop.loblaws.ca/products/20618579001/b1/en/front/20618579001_front_a01_@2.png", "Brand": "Hellmanns", "Url": "https://www.maxi.ca/mayonnaise-gluten-free/p/20618579001_EA", "Sub Category": null, "English Name": "Mayonnaise, Gluten-free", "Size": "890 ml", "Size Label": "ea"}, {"Category": "Condiments & Sauces", "Aisle": "Pantry", "Sku": "21518360_EA", "Regular Price": "None", "Sale Price": "6.49", "Image": "https://assets.shop.loblaws.ca/products/21518360/b1/en/front/21518360_front_a01_@2.png", "Brand": "Hellmanns", "Url": "https://www.maxi.ca/mayonnaise-condiment-for-salads-burgers-gluten-fre/p/21518360_EA", "Sub Category": null, "English Name": "Mayonnaise condiment for salads, burgers, gluten-free, kosher", "Size": "750 ml", "Size Label": "ea"}, {"Category": "Condiments & Sauces", "Aisle": "Pantry", "Sku": "20298681001_EA", "Regular Price": "None", "Sale Price": "5.49", "Image": "https://assets.shop.loblaws.ca/products/20298681001/b1/en/front/20298681001_front_a01_@2.png", "Brand": "Kraft", "Url": "https://www.maxi.ca/miracle-whip-original-spread/p/20298681001_EA", "Sub Category": null, "English Name": "Miracle Whip Original Spread", "Size": "890 ml", "Size Label": "ea"}, {"Category": "Condiments & Sauces", "Aisle": "Pantry", "Sku": "20115102001_EA", "Regular Price": "None", "Sale Price": "5.29", "Image": "https://assets.shop.loblaws.ca/products/20115102001/b1/en/front/20115102001_front_a01_@2.png", "Brand": "Heinz", "Url": "https://www.maxi.ca/tomato-ketchup/p/20115102001_EA", "Sub Category": null, "English Name": "Tomato Ketchup", "Size": "750 ml", "Size Label": "ea"}, {"Category": "Condiments & Sauces", "Aisle": "Pantry", "Sku": "20628297010_EA", "Regular Price": "None", "Sale Price": "3.79", "Image": "https://assets.shop.loblaws.ca/products/20628297010/b1/en/front/20628297010_front_a01_@2.png", "Brand": "Kraft", "Url": "https://www.maxi.ca/rancher-s-choice-dressing/p/20628297010_EA", "Sub Category": null, "English Name": "Rancher's Choice Dressing", "Size": "475 ml", "Size Label": "ea"}, {"Category": "Condiments & Sauces", "Aisle": "Pantry", "Sku": "20162036_EA", "Regular Price": "None", "Sale Price": "1.49", "Image": "https://assets.shop.loblaws.ca/products/20162036/b1/en/front/20162036_front_a01_@2.png", "Brand": "No Name", "Url": "https://www.maxi.ca/yellow-mustard/p/20162036_EA", "Sub Category": null, "English Name": "Yellow Mustard", "Size": "400 ml", "Size Label": "ea"}, {"Category": "Condiments & Sauces", "Aisle": "Pantry", "Sku": "21096223_EA", "Regular Price": "None", "Sale Price": "2.89", "Image": "https://assets.shop.loblaws.ca/products/21096223/b1/en/front/21096223_front_a01_@2.png", "Brand": "No Name", "Url": "https://www.maxi.ca/caesar-croutons/p/21096223_EA", "Sub Category": null, "English Name": "Caesar Croutons", "Size": "145 g", "Size Label": "ea"}, {"Category": "Condiments & Sauces", "Aisle": "Pantry", "Sku": "20324462001_EA", "Regular Price": "None", "Sale Price": "2.00", "Image": "https://assets.shop.loblaws.ca/products/20324462001/b1/en/front/20324462001_front_a01_@2.png", "Brand": "No Name", "Url": "https://www.maxi.ca/less-sodium-soy-sauce/p/20324462001_EA", "Sub Category": null, "English Name": "Less Sodium Soy Sauce", "Size": "450 ml", "Size Label": "ea"}, {"Category": "Condiments & Sauces", "Aisle": "Pantry", "Sku": "20083238_EA", "Regular Price": "None", "Sale Price": "2.79", "Image": "https://assets.shop.loblaws.ca/products/20083238/b1/en/front/20083238_front_a01_@2.png", "Brand": "Frenchs", "Url": "https://www.maxi.ca/classic-yellow-mustard/p/20083238_EA", "Sub Category": null, "English Name": "Classic Yellow Mustard", "Size": "400 ml", "Size Label": "ea"}, {"Category": "Condiments & Sauces", "Aisle": "Pantry", "Sku": "20796248001_EA", "Regular Price": "None", "Sale Price": "4.29", "Image": "https://assets.shop.loblaws.ca/products/20796248001/b1/en/front/20796248001_front_a01_@2.png", "Brand": "President's Choice", "Url": "https://www.maxi.ca/garlic-and-butter-flavour-sourdough-style-croutons/p/20796248001_EA", "Sub Category": null, "English Name": "Garlic and Butter Flavour Sourdough Style Croutons", "Size": "140 g", "Size Label": "ea"}, {"Category": "Condiments & Sauces", "Aisle": "Pantry", "Sku": "20159354_EA", "Regular Price": "None", "Sale Price": "5.29", "Image": "https://assets.shop.loblaws.ca/products/20159354/b1/en/front/20159354_front_a01_@2.png", "Brand": "No Name", "Url": "https://www.maxi.ca/fully-cooked-real-bacon-bits/p/20159354_EA", "Sub Category": null, "English Name": "Fully Cooked Real Bacon Bits", "Size": "85 g", "Size Label": "ea"}, {"Category": "Condiments & Sauces", "Aisle": "Pantry", "Sku": "20308726001_EA", "Regular Price": "None", "Sale Price": "2.99", "Image": "https://assets.shop.loblaws.ca/products/20308726001/b1/en/front/20308726001_front_a01_@2.png", "Brand": "VH", "Url": "https://www.maxi.ca/marinade-teriyaki-sauce/p/20308726001_EA", "Sub Category": null, "English Name": "Marinade - Teriyaki Sauce", "Size": "355 ml", "Size Label": "ea"}, {"Category": "Condiments & Sauces", "Aisle": "Pantry", "Sku": "20627614002_EA", "Regular Price": "None", "Sale Price": "4.99", "Image": "https://assets.shop.loblaws.ca/products/20627614002/b1/en/front/20627614002_front_a01_@2.png", "Brand": "No Name", "Url": "https://www.maxi.ca/mayonnaise/p/20627614002_EA", "Sub Category": null, "English Name": "Mayonnaise", "Size": "890 ml", "Size Label": "ea"}, {"Category": "Condiments & Sauces", "Aisle": "Pantry", "Sku": "20796248002_EA", "Regular Price": "None", "Sale Price": "4.29", "Image": "https://assets.shop.loblaws.ca/products/20796248002/b1/en/front/20796248002_front_a01_@2.png", "Brand": "President's Choice", "Url": "https://www.maxi.ca/caesar-flavour-sourdough-style-croutons/p/20796248002_EA", "Sub Category": null, "English Name": "Caesar Flavour Sourdough Style Croutons", "Size": "140 g", "Size Label": "ea"}, {"Category": "Condiments & Sauces", "Aisle": "Pantry", "Sku": "20128881_EA", "Regular Price": "None", "Sale Price": "4.29", "Image": "https://assets.shop.loblaws.ca/products/20128881/b1/en/front/20128881_front_a01_@2.png", "Brand": "Heinz", "Url": "https://www.maxi.ca/tomato-ketchup/p/20128881_EA", "Sub Category": null, "English Name": "Tomato Ketchup", "Size": "375 ml", "Size Label": "ea"}, {"Category": "Condiments & Sauces", "Aisle": "Pantry", "Sku": "20110556_EA", "Regular Price": "None", "Sale Price": "6.79", "Image": "https://assets.shop.loblaws.ca/products/20110556/b1/en/front/20110556_front_a01_@2.png", "Brand": "Heinz", "Url": "https://www.maxi.ca/tomato-ketchup/p/20110556_EA", "Sub Category": null, "English Name": "Tomato Ketchup", "Size": "1.5 l", "Size Label": "ea"}, {"Category": "Condiments & Sauces", "Aisle": "Pantry", "Sku": "20628489003_EA", "Regular Price": "None", "Sale Price": "2.79", "Image": "https://assets.shop.loblaws.ca/products/20628489003/b1/en/front/20628489003_front_a01_@2.png", "Brand": "No Name", "Url": "https://www.maxi.ca/ranch-dressing/p/20628489003_EA", "Sub Category": null, "English Name": "Ranch Dressing", "Size": "475 ml", "Size Label": "ea"}, {"Category": "Condiments & Sauces", "Aisle": "Pantry", "Sku": "20618579002_EA", "Regular Price": "None", "Sale Price": "6.49", "Image": "https://assets.shop.loblaws.ca/products/20618579002/b1/en/front/20618579002_front_a01_@2.png", "Brand": "Hellmanns", "Url": "https://www.maxi.ca/mayonnaise-type-dressing-condiment-light-1-2-fat/p/20618579002_EA", "Sub Category": null, "English Name": "Mayonnaise Type Dressing condiment Light\u00a01/2\u00a0Fat", "Size": "890 ml", "Size Label": "ea"}, {"Category": "Condiments & Sauces", "Aisle": "Pantry", "Sku": "20102426_EA", "Regular Price": "None", "Sale Price": "3.29", "Image": "https://assets.shop.loblaws.ca/products/20102426/b1/en/front/20102426_front_a01_@2.png", "Brand": "No Name", "Url": "https://www.maxi.ca/tomato-ketchup/p/20102426_EA", "Sub Category": null, "English Name": "Tomato Ketchup", "Size": "1 l", "Size Label": "ea"}, {"Category": "Condiments & Sauces", "Aisle": "Pantry", "Sku": "20556299_EA", "Regular Price": "None", "Sale Price": "8.99", "Image": "https://assets.shop.loblaws.ca/products/20556299/b1/en/front/20556299_front_a01_@2.png", "Brand": "Renees", "Url": "https://www.maxi.ca/mighty-caesar-salad-dressing/p/20556299_EA", "Sub Category": null, "English Name": "Mighty Caesar Salad Dressing", "Size": "750 ml", "Size Label": "ea"}, {"Category": "Condiments & Sauces", "Aisle": "Pantry", "Sku": "20984013_EA", "Regular Price": "None", "Sale Price": "2.99", "Image": "https://assets.shop.loblaws.ca/products/20984013/b1/en/front/20984013_front_a01_@2.png", "Brand": "VH", "Url": "https://www.maxi.ca/plum-dipping-sauce/p/20984013_EA", "Sub Category": null, "English Name": "Plum Dipping Sauce", "Size": "341 ml", "Size Label": "ea"}, {"Category": "Condiments & Sauces", "Aisle": "Pantry", "Sku": "21518361_EA", "Regular Price": "None", "Sale Price": "6.49", "Image": "https://assets.shop.loblaws.ca/products/21518361/b1/en/front/21518361_front_a01_@2.png", "Brand": "Hellmanns", "Url": "https://www.maxi.ca/mayonnaise-type-dressing-condiment-for-fries-burge/p/21518361_EA", "Sub Category": null, "English Name": "Mayonnaise Type Dressing condiment for fries, burgers, salads Light\u00a0\u00bd\u00a0Fat ", "Size": "750 ml", "Size Label": "ea"}, {"Category": "Condiments & Sauces", "Aisle": "Pantry", "Sku": "20187632001_EA", "Regular Price": "None", "Sale Price": "5.29", "Image": "https://assets.shop.loblaws.ca/products/20187632001/b1/en/front/20187632001_front_a01_@2.png", "Brand": "Franks", "Url": "https://www.maxi.ca/hot-sauce-original-cayenne-pepper/p/20187632001_EA", "Sub Category": null, "English Name": "Hot Sauce, Original Cayenne Pepper", "Size": "354 ml", "Size Label": "ea"}, {"Category": "Condiments & Sauces", "Aisle": "Pantry", "Sku": "20090124_EA", "Regular Price": "None", "Sale Price": "4.79", "Image": "https://assets.shop.loblaws.ca/products/20090124/b1/en/front/20090124_front_a01_@2.png", "Brand": "President's Choice", "Url": "https://www.maxi.ca/tomato-ketchup/p/20090124_EA", "Sub Category": null, "English Name": "Tomato Ketchup", "Size": "1 l", "Size Label": "ea"}, {"Category": "Condiments & Sauces", "Aisle": "Pantry", "Sku": "20174360002_EA", "Regular Price": "None", "Sale Price": "1.49", "Image": "https://assets.shop.loblaws.ca/products/20174360002/b1/en/front/20174360002_front_a01_@2.png", "Brand": "No Name", "Url": "https://www.maxi.ca/sweet-green-relish/p/20174360002_EA", "Sub Category": null, "English Name": "Sweet Green Relish", "Size": "375 ml", "Size Label": "ea"}, {"Category": "Condiments & Sauces", "Aisle": "Pantry", "Sku": "21518363_EA", "Regular Price": "None", "Sale Price": "6.49", "Image": "https://assets.shop.loblaws.ca/products/21518363/b1/en/front/21518363_front_a01_@2.png", "Brand": "Hellmanns", "Url": "https://www.maxi.ca/mayonnaise-olive-oil/p/21518363_EA", "Sub Category": null, "English Name": "Mayonnaise Olive Oil", "Size": "750 ml", "Size Label": "ea"}, {"Category": "Condiments & Sauces", "Aisle": "Pantry", "Sku": "20170862_EA", "Regular Price": "None", "Sale Price": "3.99", "Image": "https://assets.shop.loblaws.ca/products/20170862/b1/en/front/20170862_front_a01_@2.png", "Brand": "Frenchs", "Url": "https://www.maxi.ca/classic-yellow-mustard/p/20170862_EA", "Sub Category": null, "English Name": "Classic Yellow Mustard", "Size": "550 ml", "Size Label": "ea"}, {"Category": "Condiments & Sauces", "Aisle": "Pantry", "Sku": "20050452001_EA", "Regular Price": "None", "Sale Price": "2.49", "Image": "https://assets.shop.loblaws.ca/products/20050452001/b1/en/front/20050452001_front_a01_@2.png", "Brand": "President's Choice", "Url": "https://www.maxi.ca/old-fashioned-dijon-mustard/p/20050452001_EA", "Sub Category": null, "English Name": "Old-Fashioned Dijon Mustard", "Size": "325 ml", "Size Label": "ea"}, {"Category": "Condiments & Sauces", "Aisle": "Pantry", "Sku": "20627339002_EA", "Regular Price": "None", "Sale Price": "6.49", "Image": "https://assets.shop.loblaws.ca/products/20627339002/b1/en/front/20627339002_front_a01_@2.png", "Brand": "Hellmanns", "Url": "https://www.maxi.ca/mayonnaise-for-sandwiches-and-salads-olive-oil-glu/p/20627339002_EA", "Sub Category": null, "English Name": "Mayonnaise for sandwiches and salads Olive Oil gluten-free", "Size": "890 ml", "Size Label": "ea"}, {"Category": "Condiments & Sauces", "Aisle": "Pantry", "Sku": "20297368_EA", "Regular Price": "None", "Sale Price": "2.99", "Image": "https://assets.shop.loblaws.ca/products/20297368/b1/en/front/20297368_front_a01_@2.png", "Brand": "VH", "Url": "https://www.maxi.ca/marinade-honey-garlic-sauce/p/20297368_EA", "Sub Category": null, "English Name": "Marinade - Honey Garlic Sauce", "Size": "341 ml", "Size Label": "ea"}, {"Category": "Condiments & Sauces", "Aisle": "Pantry", "Sku": "21127164_EA", "Regular Price": "None", "Sale Price": "2.99", "Image": "https://assets.shop.loblaws.ca/products/21127164/b1/en/front/21127164_front_a01_@2.png", "Brand": "VH", "Url": "https://www.maxi.ca/soya-sauce/p/21127164_EA", "Sub Category": null, "English Name": "Soya Sauce", "Size": "380 ml", "Size Label": "ea"}, {"Category": "Condiments & Sauces", "Aisle": "Pantry", "Sku": "20008233001_EA", "Regular Price": "None", "Sale Price": "5.29", "Image": "https://assets.shop.loblaws.ca/products/20008233001/b1/en/front/20008233001_front_a01_@2.png", "Brand": "Hellmanns", "Url": "https://www.maxi.ca/mayonnaise-ideal-with-fries-burgers-and-salads-rea/p/20008233001_EA", "Sub Category": null, "English Name": "Mayonnaise Ideal with fries, burgers and salads Real", "Size": "445 ml", "Size Label": "ea"}, {"Category": "Condiments & Sauces", "Aisle": "Pantry", "Sku": "21096226_EA", "Regular Price": "None", "Sale Price": "2.89", "Image": "https://assets.shop.loblaws.ca/products/21096226/b1/en/front/21096226_front_a01_@2.png", "Brand": "No Name", "Url": "https://www.maxi.ca/seasoned-croutons/p/21096226_EA", "Sub Category": null, "English Name": "Seasoned Croutons", "Size": "145 g", "Size Label": "ea"}, {"Category": "Condiments & Sauces", "Aisle": "Pantry", "Sku": "20314592_EA", "Regular Price": "None", "Sale Price": "5.99", "Image": "https://assets.shop.loblaws.ca/products/20314592/b1/en/front/20314592_front_a01_@2.png", "Brand": "Renees", "Url": "https://www.maxi.ca/caesar-dressing/p/20314592_EA", "Sub Category": null, "English Name": "Caesar Dressing", "Size": "355 ml", "Size Label": "ea"}, {"Category": "Condiments & Sauces", "Aisle": "Pantry", "Sku": "20984002_EA", "Regular Price": "None", "Sale Price": "2.99", "Image": "https://assets.shop.loblaws.ca/products/20984002/b1/en/front/20984002_front_a01_@2.png", "Brand": "VH", "Url": "https://www.maxi.ca/sweet-sour-dipping-sauce/p/20984002_EA", "Sub Category": null, "English Name": "Sweet & Sour Dipping Sauce", "Size": "341 ml", "Size Label": "ea"}, {"Category": "Condiments & Sauces", "Aisle": "Pantry", "Sku": "20547834005_EA", "Regular Price": "None", "Sale Price": "3.29", "Image": "https://assets.shop.loblaws.ca/products/20547834005/b1/en/front/20547834005_front_a01_@2.png", "Brand": "Bull's-Eye", "Url": "https://www.maxi.ca/bold-original-bbq-sauce/p/20547834005_EA", "Sub Category": null, "English Name": "Bold Original BBQ Sauce", "Size": "425 ml", "Size Label": "ea"}, {"Category": "Condiments & Sauces", "Aisle": "Pantry", "Sku": "20308368001_EA", "Regular Price": "None", "Sale Price": "3.79", "Image": "https://assets.shop.loblaws.ca/products/20308368001/b1/en/front/20308368001_front_a01_@2.png", "Brand": "Kraft", "Url": "https://www.maxi.ca/greek-feta-and-oregano-dressing/p/20308368001_EA", "Sub Category": null, "English Name": "Greek Feta and Oregano Dressing", "Size": "475 ml", "Size Label": "ea"}, {"Category": "Condiments & Sauces", "Aisle": "Pantry", "Sku": "20321329003_EA", "Regular Price": "None", "Sale Price": "2.49", "Image": "https://assets.shop.loblaws.ca/products/20321329003/b1/en/front/20321329003_front_a01_@2.png", "Brand": "Knorr", "Url": "https://www.maxi.ca/classic-sauce-mix-green-peppercorn/p/20321329003_EA", "Sub Category": null, "English Name": "Classic Sauce Mix Green Peppercorn ", "Size": "42 g", "Size Label": "ea"}, {"Category": "Condiments & Sauces", "Aisle": "Pantry", "Sku": "20321329002_EA", "Regular Price": "None", "Sale Price": "2.49", "Image": "https://assets.shop.loblaws.ca/products/20321329002/b1/en/front/20321329002_front_a01_@2.png", "Brand": "Knorr", "Url": "https://www.maxi.ca/classic-sauce-mix-bechamel/p/20321329002_EA", "Sub Category": null, "English Name": "Classic Sauce Mix Bechamel ", "Size": "47 g", "Size Label": "ea"}, {"Category": "Condiments & Sauces", "Aisle": "Pantry", "Sku": "20056829_EA", "Regular Price": "None", "Sale Price": "7.49", "Image": "https://assets.shop.loblaws.ca/products/20056829/b1/en/front/20056829_front_a01_@2.png", "Brand": "Heinz", "Url": "https://www.maxi.ca/chili-sauce/p/20056829_EA", "Sub Category": null, "English Name": "Chili Sauce", "Size": "750 ml", "Size Label": "ea"}, {"Category": "Condiments & Sauces", "Aisle": "Pantry", "Sku": "21021475_EA", "Regular Price": "None", "Sale Price": "3.49", "Image": "https://assets.shop.loblaws.ca/products/21021475/b1/en/front/21021475_front_a01_@2.png", "Brand": "President's Choice", "Url": "https://www.maxi.ca/onion-and-whiskey-barbecue-sauce/p/21021475_EA", "Sub Category": null, "English Name": "Onion and Whiskey Barbecue Sauce", "Size": "500 ml", "Size Label": "ea"}, {"Category": "Condiments & Sauces", "Aisle": "Pantry", "Sku": "21021473_EA", "Regular Price": "None", "Sale Price": "3.49", "Image": "https://assets.shop.loblaws.ca/products/21021473/b1/en/front/21021473_front_a01_@2.png", "Brand": "President's Choice", "Url": "https://www.maxi.ca/bacon-and-maple-barbecue-sauce/p/21021473_EA", "Sub Category": null, "English Name": "Bacon and Maple Barbecue Sauce", "Size": "500 ml", "Size Label": "ea"}, {"Category": "Condiments & Sauces", "Aisle": "Pantry", "Sku": "20136991001_EA", "Regular Price": "None", "Sale Price": "4.99", "Image": "https://assets.shop.loblaws.ca/products/20136991001/b1/en/front/20136991001_front_a01_@2.png", "Brand": "Vio", "Url": "https://www.maxi.ca/chef-s-salad-dressing/p/20136991001_EA", "Sub Category": null, "English Name": "Chef's Salad Dressing    ", "Size": "500 ml", "Size Label": "ea"}, {"Category": "Condiments & Sauces", "Aisle": "Pantry", "Sku": "20297912002_EA", "Regular Price": "None", "Sale Price": "2.69", "Image": "https://assets.shop.loblaws.ca/products/20297912002/b1/en/front/20297912002_front_a01_@2.png", "Brand": "Knorr", "Url": "https://www.maxi.ca/classic-sauce-mix-la-king/p/20297912002_EA", "Sub Category": null, "English Name": "Classic Sauce Mix  \u00c0 La King ", "Size": "48 g", "Size Label": "ea"}, {"Category": "Condiments & Sauces", "Aisle": "Pantry", "Sku": "20323473002_EA", "Regular Price": "None", "Sale Price": "2.99", "Image": "https://assets.shop.loblaws.ca/products/20323473002/b1/en/front/20323473002_front_a01_@2.png", "Brand": "No Name", "Url": "https://www.maxi.ca/mild-garlic-rib-sauce/p/20323473002_EA", "Sub Category": null, "English Name": "Mild Garlic Rib Sauce ", "Size": "350 ml", "Size Label": "ea"}, {"Category": "Condiments & Sauces", "Aisle": "Pantry", "Sku": "21184617_EA", "Regular Price": "None", "Sale Price": "3.29", "Image": "https://assets.shop.loblaws.ca/products/21184617/b1/en/front/21184617_front_a01_@2.png", "Brand": "Diana", "Url": "https://www.maxi.ca/sauce-original/p/21184617_EA", "Sub Category": null, "English Name": "Sauce Original", "Size": "500 ml", "Size Label": "ea"}, {"Category": "Condiments & Sauces", "Aisle": "Pantry", "Sku": "20607170_EA", "Regular Price": "None", "Sale Price": "6.79", "Image": "https://assets.shop.loblaws.ca/products/20607170/b1/en/front/20607170_front_a01_@2.png", "Brand": "Gibiers Canabec", "Url": "https://www.maxi.ca/veal-stock/p/20607170_EA", "Sub Category": null, "English Name": "Veal Stock", "Size": "300 ml", "Size Label": "ea"}, {"Category": "Condiments & Sauces", "Aisle": "Pantry", "Sku": "21531421_EA", "Regular Price": "None", "Sale Price": "6.99", "Image": "https://assets.shop.loblaws.ca/products/21531421/b1/en/front/21531421_front_a01_@2.png", "Brand": "Flying Goose", "Url": "https://www.maxi.ca/ground-chili-paste-with-extra-garlic-sambal-oelek/p/21531421_EA", "Sub Category": null, "English Name": "Ground Chili Paste With Extra Garlic Sambal Oelek", "Size": "495 g", "Size Label": "ea"}, {"Category": "Condiments & Sauces", "Aisle": "Pantry", "Sku": "21396104_EA", "Regular Price": "None", "Sale Price": "5.49", "Image": "https://assets.shop.loblaws.ca/products/21396104/b1/en/front/21396104_front_a01_@2.png", "Brand": "President's Choice", "Url": "https://www.maxi.ca/memories-of-mexico-al-pastor-marinade/p/21396104_EA", "Sub Category": null, "English Name": "Memories of Mexico Al Pastor Marinade", "Size": "350 ml", "Size Label": "ea"}, {"Category": "Condiments & Sauces", "Aisle": "Pantry", "Sku": "21236893_EA", "Regular Price": "None", "Sale Price": "5.49", "Image": "https://assets.shop.loblaws.ca/products/21236893/b1/en/front/21236893_front_a01_@2.png", "Brand": "Hellmanns", "Url": "https://www.maxi.ca/frites-sauce-for-fries-spicy-chipotle-gluten-free/p/21236893_EA", "Sub Category": null, "English Name": "Frites Sauce for fries Spicy Chipotle, gluten free", "Size": "325 ml", "Size Label": "ea"}, {"Category": "Condiments & Sauces", "Aisle": "Pantry", "Sku": "20955796_EA", "Regular Price": "None", "Sale Price": "6.49", "Image": "https://assets.shop.loblaws.ca/products/20955796/b1/en/front/20955796_front_a01_@2.png", "Brand": "Club House", "Url": "https://www.maxi.ca/la-grille-wet-rubs-montr-al-steak-spice/p/20955796_EA", "Sub Category": null, "English Name": "La Grille Wet Rubs, Montr\u00e9al Steak Spice", "Size": "200 ml", "Size Label": "ea"}, {"Category": "Condiments & Sauces", "Aisle": "Pantry", "Sku": "20323323004_EA", "Regular Price": "None", "Sale Price": "2.69", "Image": "https://assets.shop.loblaws.ca/products/20323323004/b1/en/front/20323323004_front_a01_@2.png", "Brand": "Knorr", "Url": "https://www.maxi.ca/pasta-sauce-mix-parma-rosa-no-artificial-flavours/p/20323323004_EA", "Sub Category": null, "English Name": "Pasta\u00a0Sauce\u00a0Mix Parma-Rosa no artificial flavours ", "Size": "44 g", "Size Label": "ea"}, {"Category": "Condiments & Sauces", "Aisle": "Pantry", "Sku": "20307707002_EA", "Regular Price": "None", "Sale Price": "2.79", "Image": "https://assets.shop.loblaws.ca/products/20307707002/b1/en/front/20307707002_front_a01_@2.png", "Brand": "No Name", "Url": "https://www.maxi.ca/creamy-cucumber-dressing/p/20307707002_EA", "Sub Category": null, "English Name": "Creamy Cucumber Dressing", "Size": "475 ml", "Size Label": "ea"}, {"Category": "Condiments & Sauces", "Aisle": "Pantry", "Sku": "20298681002_EA", "Regular Price": "None", "Sale Price": "5.49", "Image": "https://assets.shop.loblaws.ca/products/20298681002/b1/en/front/20298681002_front_a01_@2.png", "Brand": "Kraft", "Url": "https://www.maxi.ca/miracle-whip-calorie-wise-spread/p/20298681002_EA", "Sub Category": null, "English Name": "Miracle Whip Calorie Wise Spread", "Size": "890 ml", "Size Label": "ea"}, {"Category": "Condiments & Sauces", "Aisle": "Pantry", "Sku": "20304232001_EA", "Regular Price": "None", "Sale Price": "5.49", "Image": "https://assets.shop.loblaws.ca/products/20304232001/b1/en/front/20304232001_front_a01_@2.png", "Brand": "Kraft", "Url": "https://www.maxi.ca/miracle-whip-original-spread/p/20304232001_EA", "Sub Category": null, "English Name": "Miracle Whip Original Spread", "Size": "650 ml", "Size Label": "ea"}, {"Category": "Condiments & Sauces", "Aisle": "Pantry", "Sku": "20131845_EA", "Regular Price": "None", "Sale Price": "4.79", "Image": "https://assets.shop.loblaws.ca/products/20131845/b1/en/front/20131845_front_a01_@2.png", "Brand": "President's Choice", "Url": "https://www.maxi.ca/tomato-ketchup/p/20131845_EA", "Sub Category": null, "English Name": "Tomato Ketchup", "Size": "750 ml", "Size Label": "ea"}, {"Category": "Condiments & Sauces", "Aisle": "Pantry", "Sku": "20307695001_EA", "Regular Price": "1.99", "Sale Price": "0.95", "Image": "https://assets.shop.loblaws.ca/products/20307695001/b1/en/front/20307695001_front_a01_@2.png", "Brand": "St Hubert", "Url": "https://www.maxi.ca/sauce-mix-bbq/p/20307695001_EA", "Sub Category": null, "English Name": "Sauce Mix, BBQ", "Size": "57 g", "Size Label": "ea"}, {"Category": "Condiments & Sauces", "Aisle": "Pantry", "Sku": "20319611001_EA", "Regular Price": "None", "Sale Price": "5.00", "Image": "https://assets.shop.loblaws.ca/products/20319611001/b1/en/front/20319611001_front_a01_@2.png", "Brand": "President's Choice", "Url": "https://www.maxi.ca/souvlaki-marinade/p/20319611001_EA", "Sub Category": null, "English Name": "Souvlaki Marinade ", "Size": "350 ml", "Size Label": "ea"}, {"Category": "Condiments & Sauces", "Aisle": "Pantry", "Sku": "20026520_EA", "Regular Price": "None", "Sale Price": "3.29", "Image": "https://assets.shop.loblaws.ca/products/20026520/b1/en/front/20026520_front_a01_@2.png", "Brand": "Lee Kum Kee", "Url": "https://www.maxi.ca/soy-sauce-premium/p/20026520_EA", "Sub Category": null, "English Name": "Soy Sauce Premium", "Size": "500 ml", "Size Label": "ea"}, {"Category": "Condiments & Sauces", "Aisle": "Pantry", "Sku": "20304927_EA", "Regular Price": "None", "Sale Price": "5.99", "Image": "https://assets.shop.loblaws.ca/products/20304927/b1/en/front/20304927_front_a01_@2.png", "Brand": "Renees", "Url": "https://www.maxi.ca/light-caesar-dressing/p/20304927_EA", "Sub Category": null, "English Name": "Light Caesar Dressing", "Size": "355 ml", "Size Label": "ea"}, {"Category": "Condiments & Sauces", "Aisle": "Pantry", "Sku": "20307707005_EA", "Regular Price": "None", "Sale Price": "2.79", "Image": "https://assets.shop.loblaws.ca/products/20307707005/b1/en/front/20307707005_front_a01_@2.png", "Brand": "No Name", "Url": "https://www.maxi.ca/light-ranch-dressing/p/20307707005_EA", "Sub Category": null, "English Name": "Light Ranch Dressing", "Size": "475 ml", "Size Label": "ea"}, {"Category": "Condiments & Sauces", "Aisle": "Pantry", "Sku": "20628297005_EA", "Regular Price": "None", "Sale Price": "3.79", "Image": "https://assets.shop.loblaws.ca/products/20628297005/b1/en/front/20628297005_front_a01_@2.png", "Brand": "Kraft", "Url": "https://www.maxi.ca/creamy-cucumber-dressing/p/20628297005_EA", "Sub Category": null, "English Name": "Creamy Cucumber Dressing", "Size": "475 ml", "Size Label": "ea"}, {"Category": "Condiments & Sauces", "Aisle": "Pantry", "Sku": "21004222_EA", "Regular Price": "None", "Sale Price": "7.29", "Image": "https://assets.shop.loblaws.ca/products/21004222/b1/en/front/21004222_front_a01_@2.png", "Brand": "Nando's", "Url": "https://www.maxi.ca/peri-peri-sauce-hot/p/21004222_EA", "Sub Category": null, "English Name": "Peri Peri Sauce, Hot", "Size": "250 ml", "Size Label": "ea"}, {"Category": "Condiments & Sauces", "Aisle": "Pantry", "Sku": "20024953002_EA", "Regular Price": "8.49", "Sale Price": "5.99", "Image": "https://assets.shop.loblaws.ca/products/20024953002/b1/en/front/20024953002_front_a01_@2.png", "Brand": "Knorr", "Url": "https://www.maxi.ca/bovril-bouillon-concentrate-beef/p/20024953002_EA", "Sub Category": null, "English Name": "Bovril Bouillon Concentrate Beef", "Size": "500 ml", "Size Label": "ea"}, {"Category": "Condiments & Sauces", "Aisle": "Pantry", "Sku": "21433246_EA", "Regular Price": "None", "Sale Price": "5.29", "Image": "https://assets.shop.loblaws.ca/products/21433246/b1/en/front/21433246_front_a01_@2.png", "Brand": "Franks", "Url": "https://www.maxi.ca/mild-wings-sauce/p/21433246_EA", "Sub Category": null, "English Name": "Mild Wings Sauce", "Size": "354 ml", "Size Label": "ea"}, {"Category": "Condiments & Sauces", "Aisle": "Pantry", "Sku": "21378061_EA", "Regular Price": "None", "Sale Price": "5.00", "Image": "https://assets.shop.loblaws.ca/products/21378061/b1/en/front/21378061_front_a01_@2.png", "Brand": "Heinz", "Url": "https://www.maxi.ca/sauce-hanch/p/21378061_EA", "Sub Category": null, "English Name": "Sauce Hanch ", "Size": "362 ml", "Size Label": "ea"}, {"Category": "Condiments & Sauces", "Aisle": "Pantry", "Sku": "20023348002_EA", "Regular Price": "None", "Sale Price": "2.00", "Image": "https://assets.shop.loblaws.ca/products/20023348002/b1/en/front/20023348002_front_a01_@2.png", "Brand": "President's Choice", "Url": "https://www.maxi.ca/mild-seafood-sauce/p/20023348002_EA", "Sub Category": null, "English Name": "Mild Seafood Sauce", "Size": "250 ml", "Size Label": "ea"}, {"Category": "Condiments & Sauces", "Aisle": "Pantry", "Sku": "20310312003_EA", "Regular Price": "None", "Sale Price": "5.00", "Image": "https://assets.shop.loblaws.ca/products/20310312003/b1/en/front/20310312003_front_a01_@2.png", "Brand": "Loney's", "Url": "https://www.maxi.ca/dehydrated-beef-broth/p/20310312003_EA", "Sub Category": null, "English Name": "Dehydrated Beef Broth", "Size": "400 g", "Size Label": "ea"}, {"Category": "Condiments & Sauces", "Aisle": "Pantry", "Sku": "20052738_EA", "Regular Price": "None", "Sale Price": "3.79", "Image": "https://assets.shop.loblaws.ca/products/20052738/b1/en/front/20052738_front_a01_@2.png", "Brand": "No Name", "Url": "https://www.maxi.ca/plum-sauce/p/20052738_EA", "Sub Category": null, "English Name": "Plum Sauce", "Size": "750 ml", "Size Label": "ea"}, {"Category": "Condiments & Sauces", "Aisle": "Pantry", "Sku": "20628489002_EA", "Regular Price": "None", "Sale Price": "2.79", "Image": "https://assets.shop.loblaws.ca/products/20628489002/b1/en/front/20628489002_front_a01_@2.png", "Brand": "No Name", "Url": "https://www.maxi.ca/italian-dressing/p/20628489002_EA", "Sub Category": null, "English Name": "Italian Dressing", "Size": "475 ml", "Size Label": "ea"}, {"Category": "Condiments & Sauces", "Aisle": "Pantry", "Sku": "21455732_EA", "Regular Price": "None", "Sale Price": "2.50", "Image": "https://assets.shop.loblaws.ca/products/21455732/b1/en/front/21455732_front_a01_@2.png", "Brand": "Grissol", "Url": "https://www.maxi.ca/croutons-restaurant-style-garlic-herb/p/21455732_EA", "Sub Category": null, "English Name": "Croutons Restaurant Style Garlic & Herb", "Size": "135 g", "Size Label": "ea"}, {"Category": "Condiments & Sauces", "Aisle": "Pantry", "Sku": "21109415_EA", "Regular Price": "None", "Sale Price": "4.99", "Image": "https://assets.shop.loblaws.ca/products/21109415/b1/en/front/21109415_front_a01_@2.png", "Brand": "President's Choice", "Url": "https://www.maxi.ca/caesar-dressing/p/21109415_EA", "Sub Category": null, "English Name": "Caesar Dressing", "Size": "355 ml", "Size Label": "ea"}, {"Category": "Condiments & Sauces", "Aisle": "Pantry", "Sku": "20302416007_EA", "Regular Price": "None", "Sale Price": "3.00", "Image": "https://assets.shop.loblaws.ca/products/20302416007/b1/en/front/20302416007_front_a01_@2.png", "Brand": "Canton", "Url": "https://www.maxi.ca/3-pepper-fondue-and-dipping-sauce/p/20302416007_EA", "Sub Category": null, "English Name": "3 Pepper Fondue and Dipping Sauce", "Size": "180 ml", "Size Label": "ea"}, {"Category": "Condiments & Sauces", "Aisle": "Pantry", "Sku": "20627701001_EA", "Regular Price": "None", "Sale Price": "3.79", "Image": "https://assets.shop.loblaws.ca/products/20627701001/b1/en/front/20627701001_front_a01_@2.png", "Brand": "Kraft", "Url": "https://www.maxi.ca/balsamic-vinaigrette-calorie-wise/p/20627701001_EA", "Sub Category": null, "English Name": "Balsamic Vinaigrette, Calorie Wise", "Size": "475 ml", "Size Label": "ea"}, {"Category": "Condiments & Sauces", "Aisle": "Pantry", "Sku": "20628488002_EA", "Regular Price": "None", "Sale Price": "3.49", "Image": "https://assets.shop.loblaws.ca/products/20628488002/b1/en/front/20628488002_front_a01_@2.png", "Brand": "President's Choice", "Url": "https://www.maxi.ca/caesar-with-bacon-dressing/p/20628488002_EA", "Sub Category": null, "English Name": "Caesar With Bacon Dressing", "Size": "475 ml", "Size Label": "ea"}, {"Category": "Condiments & Sauces", "Aisle": "Pantry", "Sku": "20050147002_EA", "Regular Price": "None", "Sale Price": "3.79", "Image": "https://assets.shop.loblaws.ca/products/20050147002/b1/en/front/20050147002_front_a01_@2.png", "Brand": "St Hubert", "Url": "https://www.maxi.ca/broth-chicken/p/20050147002_EA", "Sub Category": null, "English Name": "Broth, Chicken", "Size": "170 g", "Size Label": "ea"}, {"Category": "Condiments & Sauces", "Aisle": "Pantry", "Sku": "20306187002_EA", "Regular Price": "None", "Sale Price": "1.69", "Image": "https://assets.shop.loblaws.ca/products/20306187002/b1/en/front/20306187002_front_a01_@2.png", "Brand": "Frenchs", "Url": "https://www.maxi.ca/sauce-mix-ragout/p/20306187002_EA", "Sub Category": null, "English Name": "Sauce Mix, Ragout", "Size": "42 g", "Size Label": "ea"}, {"Category": "Condiments & Sauces", "Aisle": "Pantry", "Sku": "20796248003_EA", "Regular Price": "None", "Sale Price": "4.29", "Image": "https://assets.shop.loblaws.ca/products/20796248003/b1/en/front/20796248003_front_a01_@2.png", "Brand": "President's Choice", "Url": "https://www.maxi.ca/zesty-garlic-croutons/p/20796248003_EA", "Sub Category": null, "English Name": "Zesty Garlic Croutons", "Size": "140 g", "Size Label": "ea"}, {"Category": "Condiments & Sauces", "Aisle": "Pantry", "Sku": "20308726005_EA", "Regular Price": "None", "Sale Price": "2.99", "Image": "https://assets.shop.loblaws.ca/products/20308726005/b1/en/front/20308726005_front_a01_@2.png", "Brand": "VH", "Url": "https://www.maxi.ca/stir-fry-sauce-general-tao-s/p/20308726005_EA", "Sub Category": null, "English Name": "Stir-Fry Sauce - General Tao's", "Size": "355 ml", "Size Label": "ea"}, {"Category": "Condiments & Sauces", "Aisle": "Pantry", "Sku": "20302416008_EA", "Regular Price": "None", "Sale Price": "3.00", "Image": "https://assets.shop.loblaws.ca/products/20302416008/b1/en/front/20302416008_front_a01_@2.png", "Brand": "Canton", "Url": "https://www.maxi.ca/honey-and-garlic-fondue-and-dipping-sauce/p/20302416008_EA", "Sub Category": null, "English Name": "Honey and Garlic Fondue and Dipping Sauce", "Size": "180 ml", "Size Label": "ea"}, {"Category": "Condiments & Sauces", "Aisle": "Pantry", "Sku": "21184619_EA", "Regular Price": "None", "Sale Price": "3.29", "Image": "https://assets.shop.loblaws.ca/products/21184619/b1/en/front/21184619_front_a01_@2.png", "Brand": "Diana", "Url": "https://www.maxi.ca/sauce-honey-garlic/p/21184619_EA", "Sub Category": null, "English Name": "Sauce Honey Garlic", "Size": "500 ml", "Size Label": "ea"}, {"Category": "Condiments & Sauces", "Aisle": "Pantry", "Sku": "21083392_EA", "Regular Price": "None", "Sale Price": "1.50", "Image": "https://assets.shop.loblaws.ca/products/21083392/b1/en/front/21083392_front_a01_@2.png", "Brand": "Club House", "Url": "https://www.maxi.ca/dry-sauce-mix-homestyle-gravy/p/21083392_EA", "Sub Category": null, "English Name": "Dry Sauce Mix, Homestyle Gravy", "Size": "38 g", "Size Label": "ea"}, {"Category": "Condiments & Sauces", "Aisle": "Pantry", "Sku": "21290143_EA", "Regular Price": "7.49", "Sale Price": "6.99", "Image": "https://assets.shop.loblaws.ca/products/21290143/b1/en/front/21290143_front_a01_@2.png", "Brand": "Knorr", "Url": "https://www.maxi.ca/concentrated-bouillon-chicken/p/21290143_EA", "Sub Category": null, "English Name": "Concentrated Bouillon Chicken ", "Size": "250 ml", "Size Label": "ea"}, {"Category": "Condiments & Sauces", "Aisle": "Pantry", "Sku": "20296824001_EA", "Regular Price": "None", "Sale Price": "5.29", "Image": "https://assets.shop.loblaws.ca/products/20296824001/b1/en/front/20296824001_front_a01_@2.png", "Brand": "Knorr", "Url": "https://www.maxi.ca/bovril-concentrated-liquid-stock-flavour-beef-in-a/p/20296824001_EA", "Sub Category": null, "English Name": "Bovril Concentrated Liquid Stock flavour Beef in a practical bottle ", "Size": "250 ml", "Size Label": "ea"}, {"Category": "Condiments & Sauces", "Aisle": "Pantry", "Sku": "20033620015_EA", "Regular Price": "1.99", "Sale Price": "0.95", "Image": "https://assets.shop.loblaws.ca/products/20033620015/b1/en/front/20033620015_front_a01_@2.png", "Brand": "St Hubert", "Url": "https://www.maxi.ca/reduced-salt-hot-chicken-sandwich-homestyle-gravy/p/20033620015_EA", "Sub Category": null, "English Name": "Reduced Salt Hot Chicken Sandwich Homestyle Gravy Mix", "Size": "57 g", "Size Label": "ea"}, {"Category": "Condiments & Sauces", "Aisle": "Pantry", "Sku": "21209633_EA", "Regular Price": "None", "Sale Price": "5.00", "Image": "https://assets.shop.loblaws.ca/products/21209633/b1/en/front/21209633_front_a01_@2.png", "Brand": "Canton", "Url": "https://www.maxi.ca/the-original-25-less-salt-broth-for-fondue-and-coo/p/21209633_EA", "Sub Category": null, "English Name": "The Original 25% Less Salt Broth for Fondue and Cooking", "Size": "1.1 l", "Size Label": "ea"}, {"Category": "Condiments & Sauces", "Aisle": "Pantry", "Sku": "20012865_EA", "Regular Price": "None", "Sale Price": "5.99", "Image": "https://assets.shop.loblaws.ca/products/20012865/b1/en/front/20012865_front_a01_@2.png", "Brand": "Renees", "Url": "https://www.maxi.ca/balsamic-vinaigrette-salad-dressing/p/20012865_EA", "Sub Category": null, "English Name": "Balsamic Vinaigrette Salad Dressing", "Size": "350 ml", "Size Label": "ea"}, {"Category": "Condiments & Sauces", "Aisle": "Pantry", "Sku": "20324310_EA", "Regular Price": "None", "Sale Price": "5.99", "Image": "https://assets.shop.loblaws.ca/products/20324310/b1/en/front/20324310_front_a01_@2.png", "Brand": "Renees", "Url": "https://www.maxi.ca/greek-feta-dressing/p/20324310_EA", "Sub Category": null, "English Name": "Greek Feta Dressing", "Size": "355 ml", "Size Label": "ea"}, {"Category": "Condiments & Sauces", "Aisle": "Pantry", "Sku": "20113303_EA", "Regular Price": "None", "Sale Price": "5.99", "Image": "https://assets.shop.loblaws.ca/products/20113303/b1/en/front/20113303_front_a01_@2.png", "Brand": "Renees", "Url": "https://www.maxi.ca/honey-dijon-vinaigrette-salad-dressing/p/20113303_EA", "Sub Category": null, "English Name": "Honey Dijon Vinaigrette Salad Dressing", "Size": "350 ml", "Size Label": "ea"}, {"Category": "Condiments & Sauces", "Aisle": "Pantry", "Sku": "21396647_EA", "Regular Price": "None", "Sale Price": "2.49", "Image": "https://assets.shop.loblaws.ca/products/21396647/b1/en/front/21396647_front_a01_@2.png", "Brand": "No Name", "Url": "https://www.maxi.ca/worcestershire-sauce/p/21396647_EA", "Sub Category": null, "English Name": "Worcestershire Sauce", "Size": "295 ml", "Size Label": "ea"}, {"Category": "Condiments & Sauces", "Aisle": "Pantry", "Sku": "20307866002_EA", "Regular Price": "None", "Sale Price": "2.69", "Image": "https://assets.shop.loblaws.ca/products/20307866002/b1/en/front/20307866002_front_a01_@2.png", "Brand": "Knorr", "Url": "https://www.maxi.ca/classic-roast-gravy-mix-hunter/p/20307866002_EA", "Sub Category": null, "English Name": "Classic Roast Gravy Mix Hunter", "Size": "32 g", "Size Label": "ea"}, {"Category": "Condiments & Sauces", "Aisle": "Pantry", "Sku": "20792458_EA", "Regular Price": "4.99", "Sale Price": "3.99", "Image": "https://assets.shop.loblaws.ca/products/20792458/b1/en/front/20792458_front_a01_@2.png", "Brand": "El Ma Mia", "Url": "https://www.maxi.ca/lasagna-seasoning/p/20792458_EA", "Sub Category": null, "English Name": "Lasagna Seasoning", "Size": "120 g", "Size Label": "ea"}, {"Category": "Condiments & Sauces", "Aisle": "Pantry", "Sku": "20296824003_EA", "Regular Price": "None", "Sale Price": "5.29", "Image": "https://assets.shop.loblaws.ca/products/20296824003/b1/en/front/20296824003_front_a01_@2.png", "Brand": "Knorr", "Url": "https://www.maxi.ca/bovril-concentrated-liquid-stock-vegetable/p/20296824003_EA", "Sub Category": null, "English Name": "Bovril Concentrated\u00a0Liquid\u00a0Stock Vegetable", "Size": "250 ml", "Size Label": "ea"}, {"Category": "Condiments & Sauces", "Aisle": "Pantry", "Sku": "20323473001_EA", "Regular Price": "None", "Sale Price": "2.99", "Image": "https://assets.shop.loblaws.ca/products/20323473001/b1/en/front/20323473001_front_a01_@2.png", "Brand": "No Name", "Url": "https://www.maxi.ca/honey-garlic-sauce/p/20323473001_EA", "Sub Category": null, "English Name": "Honey Garlic Sauce", "Size": "350 ml", "Size Label": "ea"}, {"Category": "Condiments & Sauces", "Aisle": "Pantry", "Sku": "20179084_EA", "Regular Price": "None", "Sale Price": "5.49", "Image": "https://assets.shop.loblaws.ca/products/20179084/b1/en/front/20179084_front_a01_@2.png", "Brand": "Woodman's", "Url": "https://www.maxi.ca/regular-creamed-horseradish/p/20179084_EA", "Sub Category": null, "English Name": "Regular Creamed Horseradish", "Size": "250 ml", "Size Label": "ea"}, {"Category": "Condiments & Sauces", "Aisle": "Pantry", "Sku": "21011586_EA", "Regular Price": "None", "Sale Price": "6.29", "Image": "https://assets.shop.loblaws.ca/products/21011586/b1/en/front/21011586_front_a01_@2.png", "Brand": "Watkins", "Url": "https://www.maxi.ca/original-gourmet-baking-vanilla-with-pure-vanilla/p/21011586_EA", "Sub Category": null, "English Name": "Original Gourmet Baking Vanilla with Pure Vanilla Extract", "Size": "59 ml", "Size Label": "ea"}, {"Category": "Condiments & Sauces", "Aisle": "Pantry", "Sku": "21352695_EA", "Regular Price": "None", "Sale Price": "5.29", "Image": "https://assets.shop.loblaws.ca/products/21352695/b1/en/front/21352695_front_a01_@2.png", "Brand": "Franks", "Url": "https://www.maxi.ca/thick-sauce-buffalo-n-ranch/p/21352695_EA", "Sub Category": null, "English Name": "Thick Sauce, Buffalo 'N Ranch", "Size": "354 ml", "Size Label": "ea"}, {"Category": "Condiments & Sauces", "Aisle": "Pantry", "Sku": "20323473001_EA", "Regular Price": "None", "Sale Price": "2.99", "Image": "https://assets.shop.loblaws.ca/products/20323473001/b1/en/front/20323473001_front_a01_@2.png", "Brand": "No Name", "Url": "https://www.maxi.ca/honey-garlic-sauce/p/20323473001_EA", "Sub Category": null, "English Name": "Honey Garlic Sauce", "Size": "350 ml", "Size Label": "ea"}, {"Category": "Condiments & Sauces", "Aisle": "Pantry", "Sku": "20307057001_EA", "Regular Price": "None", "Sale Price": "5.99", "Image": "https://assets.shop.loblaws.ca/products/20307057001/b1/en/front/20307057001_front_a01_@2.png", "Brand": "Pataks", "Url": "https://www.maxi.ca/mild-curry-paste/p/20307057001_EA", "Sub Category": null, "English Name": "Mild Curry Paste", "Size": "284 ml", "Size Label": "ea"}, {"Category": "Condiments & Sauces", "Aisle": "Pantry", "Sku": "21455734_EA", "Regular Price": "None", "Sale Price": "2.99", "Image": "https://assets.shop.loblaws.ca/products/21455734/b1/en/front/21455734_front_a01_@2.png", "Brand": "Grissol", "Url": "https://www.maxi.ca/croutons-baguette-style-roasted-garlic/p/21455734_EA", "Sub Category": null, "English Name": "Croutons Baguette Style Roasted Garlic", "Size": "112 g", "Size Label": "ea"}, {"Category": "Condiments & Sauces", "Aisle": "Pantry", "Sku": "20547834002_EA", "Regular Price": "None", "Sale Price": "3.29", "Image": "https://assets.shop.loblaws.ca/products/20547834002/b1/en/front/20547834002_front_a01_@2.png", "Brand": "Bull's-Eye", "Url": "https://www.maxi.ca/chicken-rib-renegade-bbq-sauce/p/20547834002_EA", "Sub Category": null, "English Name": "Chicken & Rib Renegade BBQ Sauce", "Size": "425 ml", "Size Label": "ea"}, {"Category": "Condiments & Sauces", "Aisle": "Pantry", "Sku": "20627614001_EA", "Regular Price": "None", "Sale Price": "4.99", "Image": "https://assets.shop.loblaws.ca/products/20627614001/b1/en/front/20627614001_front_a01_@2.png", "Brand": "No Name", "Url": "https://www.maxi.ca/light-mayonnaise-type-dressing/p/20627614001_EA", "Sub Category": null, "English Name": "Light Mayonnaise Type Dressing", "Size": "890 ml", "Size Label": "ea"}, {"Category": "Condiments & Sauces", "Aisle": "Pantry", "Sku": "20302416010_EA", "Regular Price": "None", "Sale Price": "3.00", "Image": "https://assets.shop.loblaws.ca/products/20302416010/b1/en/front/20302416010_front_a01_@2.png", "Brand": "Canton", "Url": "https://www.maxi.ca/sriracha-fondue-and-dipping-sauce/p/20302416010_EA", "Sub Category": null, "English Name": "Sriracha Fondue and Dipping Sauce", "Size": "180 ml", "Size Label": "ea"}, {"Category": "Condiments & Sauces", "Aisle": "Pantry", "Sku": "20302416003_EA", "Regular Price": "None", "Sale Price": "3.00", "Image": "https://assets.shop.loblaws.ca/products/20302416003/b1/en/front/20302416003_front_a01_@2.png", "Brand": "Canton", "Url": "https://www.maxi.ca/sauce-thai/p/20302416003_EA", "Sub Category": null, "English Name": "Sauce, Thai", "Size": "180 ml", "Size Label": "ea"}, {"Category": "Condiments & Sauces", "Aisle": "Pantry", "Sku": "20300874002_EA", "Regular Price": "4.99", "Sale Price": "3.99", "Image": "https://assets.shop.loblaws.ca/products/20300874002/b1/en/front/20300874002_front_a01_@2.png", "Brand": "El Ma Mia", "Url": "https://www.maxi.ca/seasoning-for-spaghetti-sauce/p/20300874002_EA", "Sub Category": null, "English Name": "Seasoning For Spaghetti Sauce", "Size": "110 g", "Size Label": "ea"}, {"Category": "Condiments & Sauces", "Aisle": "Pantry", "Sku": "20062168_EA", "Regular Price": "None", "Sale Price": "4.49", "Image": "https://assets.shop.loblaws.ca/products/20062168/b1/en/front/20062168_front_a01_@2.png", "Brand": "Concord", "Url": "https://www.maxi.ca/guacamole-mix/p/20062168_EA", "Sub Category": null, "English Name": "Guacamole Mix", "Size": "31.4 g", "Size Label": "ea"}, {"Category": "Condiments & Sauces", "Aisle": "Pantry", "Sku": "21005962_EA", "Regular Price": "None", "Sale Price": "5.49", "Image": "https://assets.shop.loblaws.ca/products/21005962/b1/en/front/21005962_front_a01_@2.png", "Brand": "Blue Dragon", "Url": "https://www.maxi.ca/pad-thai-cooking-kit-3-step/p/21005962_EA", "Sub Category": null, "English Name": "Pad Thai Cooking Kit 3 Step", "Size": "220 g", "Size Label": "ea"}, {"Category": "Condiments & Sauces", "Aisle": "Pantry", "Sku": "20770660_EA", "Regular Price": "None", "Sale Price": "3.49", "Image": "https://assets.shop.loblaws.ca/products/20770660/b1/en/front/20770660_front_a01_@2.png", "Brand": "Pataks", "Url": "https://www.maxi.ca/butter-chicken-cooking-sauce-for-2/p/20770660_EA", "Sub Category": null, "English Name": "Butter Chicken Cooking Sauce for 2", "Size": "200 ml", "Size Label": "ea"}, {"Category": "Condiments & Sauces", "Aisle": "Pantry", "Sku": "20033620013_EA", "Regular Price": "1.99", "Sale Price": "0.95", "Image": "https://assets.shop.loblaws.ca/products/20033620013/b1/en/front/20033620013_front_a01_@2.png", "Brand": "St Hubert", "Url": "https://www.maxi.ca/reduced-salt-roast-beef-gravy-mix/p/20033620013_EA", "Sub Category": null, "English Name": "Reduced Salt Roast Beef Gravy Mix", "Size": "34 g", "Size Label": "ea"}, {"Category": "Condiments & Sauces", "Aisle": "Pantry", "Sku": "20628299006_EA", "Regular Price": "None", "Sale Price": "3.49", "Image": "https://assets.shop.loblaws.ca/products/20628299006/b1/en/front/20628299006_front_a01_@2.png", "Brand": "PC Blue Menu", "Url": "https://www.maxi.ca/ranch-dressing/p/20628299006_EA", "Sub Category": null, "English Name": "Ranch Dressing", "Size": "475 ml", "Size Label": "ea"}, {"Category": "Condiments & Sauces", "Aisle": "Pantry", "Sku": "20024953001_EA", "Regular Price": "8.49", "Sale Price": "5.99", "Image": "https://assets.shop.loblaws.ca/products/20024953001/b1/en/front/20024953001_front_a01_@2.png", "Brand": "Knorr", "Url": "https://www.maxi.ca/bovril-bouillon-concentrate-chicken/p/20024953001_EA", "Sub Category": null, "English Name": "Bovril Bouillon Concentrate Chicken", "Size": "500 ml", "Size Label": "ea"}, {"Category": "Condiments & Sauces", "Aisle": "Pantry", "Sku": "20628488006_EA", "Regular Price": "None", "Sale Price": "3.49", "Image": "https://assets.shop.loblaws.ca/products/20628488006/b1/en/front/20628488006_front_a01_@2.png", "Brand": "President's Choice", "Url": "https://www.maxi.ca/ranch-dressing/p/20628488006_EA", "Sub Category": null, "English Name": "Ranch Dressing", "Size": "475 ml", "Size Label": "ea"}, {"Category": "Condiments & Sauces", "Aisle": "Pantry", "Sku": "20695762001_EA", "Regular Price": "None", "Sale Price": "1.50", "Image": "https://assets.shop.loblaws.ca/products/20695762001/b1/en/front/20695762001_front_a01_@2.png", "Brand": "Club House", "Url": "https://www.maxi.ca/dry-sauce-mix-turkey-gravy-gluten-free/p/20695762001_EA", "Sub Category": null, "English Name": "Dry Sauce Mix, Turkey Gravy, Gluten-Free", "Size": "25 g", "Size Label": "ea"}, {"Category": "Condiments & Sauces", "Aisle": "Pantry", "Sku": "21531574_EA", "Regular Price": "None", "Sale Price": "3.49", "Image": "https://assets.shop.loblaws.ca/products/21531574/b1/en/front/21531574_front_a01_@2.png", "Brand": "President's Choice", "Url": "https://www.maxi.ca/tahini-preserved-lemon-vinaigrette/p/21531574_EA", "Sub Category": null, "English Name": "Tahini Preserved Lemon Vinaigrette", "Size": "350 ml", "Size Label": "ea"}, {"Category": "Condiments & Sauces", "Aisle": "Pantry", "Sku": "20712986_EA", "Regular Price": "4.79", "Sale Price": "4.49", "Image": "https://assets.shop.loblaws.ca/products/20712986/b1/en/front/20712986_front_a01_@2.png", "Brand": "Blue Dragon", "Url": "https://www.maxi.ca/thai-red-curry-paste/p/20712986_EA", "Sub Category": null, "English Name": "Thai Red Curry Paste", "Size": "270 ml", "Size Label": "ea"}, {"Category": "Condiments & Sauces", "Aisle": "Pantry", "Sku": "20144456_EA", "Regular Price": "None", "Sale Price": "4.79", "Image": "https://assets.shop.loblaws.ca/products/20144456/b1/en/front/20144456_front_a01_@2.png", "Brand": "President's Choice", "Url": "https://www.maxi.ca/glaze-with-balsamic-vinegar-of-modena/p/20144456_EA", "Sub Category": null, "English Name": "Glaze with Balsamic Vinegar of Modena", "Size": "250 ml", "Size Label": "ea"}, {"Category": "Condiments & Sauces", "Aisle": "Pantry", "Sku": "20033620002_EA", "Regular Price": "1.99", "Sale Price": "0.95", "Image": "https://assets.shop.loblaws.ca/products/20033620002/b1/en/front/20033620002_front_a01_@2.png", "Brand": "St Hubert", "Url": "https://www.maxi.ca/reduced-salt-gravy-mix-mushroom/p/20033620002_EA", "Sub Category": null, "English Name": "Reduced Salt Gravy Mix, Mushroom", "Size": "21 g", "Size Label": "ea"}, {"Category": "Condiments & Sauces", "Aisle": "Pantry", "Sku": "20038884_EA", "Regular Price": "None", "Sale Price": "5.99", "Image": "https://assets.shop.loblaws.ca/products/20038884/b1/en/front/20038884_front_a01_@2.png", "Brand": "Kikkoman", "Url": "https://www.maxi.ca/stir-fry-sauce/p/20038884_EA", "Sub Category": null, "English Name": "Stir Fry Sauce", "Size": "285 ml", "Size Label": "ea"}, {"Category": "Condiments & Sauces", "Aisle": "Pantry", "Sku": "21377032_EA", "Regular Price": "None", "Sale Price": "4.79", "Image": "https://assets.shop.loblaws.ca/products/21377032/b1/en/front/21377032_front_a01_@2.png", "Brand": "No Name", "Url": "https://www.maxi.ca/vegetable-concentrate/p/21377032_EA", "Sub Category": null, "English Name": "Vegetable Concentrate", "Size": "250 ml", "Size Label": "ea"}, {"Category": "Condiments & Sauces", "Aisle": "Pantry", "Sku": "20627333008_EA", "Regular Price": "None", "Sale Price": "3.79", "Image": "https://assets.shop.loblaws.ca/products/20627333008/b1/en/front/20627333008_front_a01_@2.png", "Brand": "Kraft", "Url": "https://www.maxi.ca/raspberry-vinaigrette-dressing/p/20627333008_EA", "Sub Category": null, "English Name": "Raspberry Vinaigrette Dressing", "Size": "475 ml", "Size Label": "ea"}, {"Category": "Condiments & Sauces", "Aisle": "Pantry", "Sku": "20302416006_EA", "Regular Price": "None", "Sale Price": "3.00", "Image": "https://assets.shop.loblaws.ca/products/20302416006/b1/en/front/20302416006_front_a01_@2.png", "Brand": "Canton", "Url": "https://www.maxi.ca/b-arnaise-fondue-and-dipping-sauce/p/20302416006_EA", "Sub Category": null, "English Name": "B\u00e9arnaise Fondue and Dipping Sauce", "Size": "180 ml", "Size Label": "ea"}, {"Category": "Condiments & Sauces", "Aisle": "Pantry", "Sku": "21386574_EA", "Regular Price": "None", "Sale Price": "5.49", "Image": "https://assets.shop.loblaws.ca/products/21386574/b1/en/front/21386574_front_a01_@2.png", "Brand": "Baton Rouge", "Url": "https://www.maxi.ca/bbq-sauce/p/21386574_EA", "Sub Category": null, "English Name": "BBQ Sauce", "Size": "425 ml", "Size Label": "ea"}, {"Category": "Condiments & Sauces", "Aisle": "Pantry", "Sku": "20628297013_EA", "Regular Price": "None", "Sale Price": "3.79", "Image": "https://assets.shop.loblaws.ca/products/20628297013/b1/en/front/20628297013_front_a01_@2.png", "Brand": "Kraft", "Url": "https://www.maxi.ca/three-cheese-ranch-salad-dressing/p/20628297013_EA", "Sub Category": null, "English Name": "Three Cheese Ranch Salad Dressing", "Size": "475 ml", "Size Label": "ea"}, {"Category": "Condiments & Sauces", "Aisle": "Pantry", "Sku": "20033620004_EA", "Regular Price": "1.99", "Sale Price": "0.95", "Image": "https://assets.shop.loblaws.ca/products/20033620004/b1/en/front/20033620004_front_a01_@2.png", "Brand": "St Hubert", "Url": "https://www.maxi.ca/reduced-salt-gravy-mix-onion/p/20033620004_EA", "Sub Category": null, "English Name": "Reduced Salt Gravy Mix, Onion", "Size": "28 g", "Size Label": "ea"}, {"Category": "Condiments & Sauces", "Aisle": "Pantry", "Sku": "20766396001_EA", "Regular Price": "None", "Sale Price": "1.99", "Image": "https://assets.shop.loblaws.ca/products/20766396001/b1/en/front/20766396001_front_a01_@2.png", "Brand": "Weber", "Url": "https://www.maxi.ca/just-add-juice-bbq-marinade-garlic-herb/p/20766396001_EA", "Sub Category": null, "English Name": "Just Add Juice BBQ Marinade, Garlic & Herb", "Size": "32 g", "Size Label": "ea"}, {"Category": "Condiments & Sauces", "Aisle": "Pantry", "Sku": "21290147_EA", "Regular Price": "None", "Sale Price": "6.99", "Image": "https://assets.shop.loblaws.ca/products/21290147/b1/en/front/21290147_front_a01_@2.png", "Brand": "Knorr", "Url": "https://www.maxi.ca/concentrated-bouillon-beef/p/21290147_EA", "Sub Category": null, "English Name": "Concentrated Bouillon Beef ", "Size": "250 ml", "Size Label": "ea"}, {"Category": "Condiments & Sauces", "Aisle": "Pantry", "Sku": "20628297003_EA", "Regular Price": "None", "Sale Price": "3.79", "Image": "https://assets.shop.loblaws.ca/products/20628297003/b1/en/front/20628297003_front_a01_@2.png", "Brand": "Kraft", "Url": "https://www.maxi.ca/coleslaw-dressing/p/20628297003_EA", "Sub Category": null, "English Name": "Coleslaw Dressing", "Size": "475 ml", "Size Label": "ea"}, {"Category": "Condiments & Sauces", "Aisle": "Pantry", "Sku": "20297430001_EA", "Regular Price": "None", "Sale Price": "5.79", "Image": "https://assets.shop.loblaws.ca/products/20297430001/b1/en/front/20297430001_front_a01_@2.png", "Brand": "Heinz", "Url": "https://www.maxi.ca/chili-sauce/p/20297430001_EA", "Sub Category": null, "English Name": "Chili Sauce", "Size": "455 ml", "Size Label": "ea"}, {"Category": "Condiments & Sauces", "Aisle": "Pantry", "Sku": "20628297001_EA", "Regular Price": "None", "Sale Price": "3.79", "Image": "https://assets.shop.loblaws.ca/products/20628297001/b1/en/front/20628297001_front_a01_@2.png", "Brand": "Kraft", "Url": "https://www.maxi.ca/caesar-with-bacon-salad-dressing/p/20628297001_EA", "Sub Category": null, "English Name": "Caesar with Bacon Salad Dressing", "Size": "475 ml", "Size Label": "ea"}, {"Category": "Condiments & Sauces", "Aisle": "Pantry", "Sku": "20628042001_EA", "Regular Price": "None", "Sale Price": "3.79", "Image": "https://assets.shop.loblaws.ca/products/20628042001/b1/en/front/20628042001_front_a01_@2.png", "Brand": "Kraft", "Url": "https://www.maxi.ca/catalina-calorie-wise-salad-dressing/p/20628042001_EA", "Sub Category": null, "English Name": "Catalina Calorie Wise Salad Dressing", "Size": "475 ml", "Size Label": "ea"}, {"Category": "Condiments & Sauces", "Aisle": "Pantry", "Sku": "20309693001_EA", "Regular Price": "None", "Sale Price": "2.99", "Image": "https://assets.shop.loblaws.ca/products/20309693001/b1/en/front/20309693001_front_a01_@2.png", "Brand": "VH", "Url": "https://www.maxi.ca/marinade-medium-garlic/p/20309693001_EA", "Sub Category": null, "English Name": "Marinade - Medium Garlic", "Size": "341 ml", "Size Label": "ea"}, {"Category": "Condiments & Sauces", "Aisle": "Pantry", "Sku": "20616539004_EA", "Regular Price": "None", "Sale Price": "5.00", "Image": "https://assets.shop.loblaws.ca/products/20616539004/b1/en/front/20616539004_front_a01_@2.png", "Brand": "Canton", "Url": "https://www.maxi.ca/red-wine-broth-for-fondue-and-cooking/p/20616539004_EA", "Sub Category": null, "English Name": "Red Wine Broth for Fondue and Cooking", "Size": "1.1 l", "Size Label": "ea"}, {"Category": "Condiments & Sauces", "Aisle": "Pantry", "Sku": "20769626_EA", "Regular Price": "None", "Sale Price": "5.99", "Image": "https://assets.shop.loblaws.ca/products/20769626/b1/en/front/20769626_front_a01_@2.png", "Brand": "President's Choice", "Url": "https://www.maxi.ca/mayonnaise-made-with-extra-virgin-olive-oil/p/20769626_EA", "Sub Category": null, "English Name": "Mayonnaise Made With Extra Virgin Olive Oil", "Size": "890 ml", "Size Label": "ea"}, {"Category": "Condiments & Sauces", "Aisle": "Pantry", "Sku": "21387945_EA", "Regular Price": "None", "Sale Price": "6.99", "Image": "https://assets.shop.loblaws.ca/products/21387945/b1/en/front/21387945_front_a01_@2.png", "Brand": "MAG", "Url": "https://www.maxi.ca/classic-mayonnaise/p/21387945_EA", "Sub Category": null, "English Name": "Classic Mayonnaise", "Size": "890 ml", "Size Label": "ea"}, {"Category": "Condiments & Sauces", "Aisle": "Pantry", "Sku": "20318504001_EA", "Regular Price": "None", "Sale Price": "2.79", "Image": "https://assets.shop.loblaws.ca/products/20318504001/b1/en/front/20318504001_front_a01_@2.png", "Brand": "Frenchs", "Url": "https://www.maxi.ca/dijon-mustard-original/p/20318504001_EA", "Sub Category": null, "English Name": "Dijon Mustard, Original", "Size": "325 ml", "Size Label": "ea"}, {"Category": "Condiments & Sauces", "Aisle": "Pantry", "Sku": "21448472_EA", "Regular Price": "None", "Sale Price": "1.50", "Image": "https://assets.shop.loblaws.ca/products/21448472/b1/en/front/21448472_front_a01_@2.png", "Brand": "Club House", "Url": "https://www.maxi.ca/fries-seasoning-mix-garlic-parmesan/p/21448472_EA", "Sub Category": null, "English Name": "Fries Seasoning Mix Garlic Parmesan", "Size": "27 g", "Size Label": "ea"}, {"Category": "Condiments & Sauces", "Aisle": "Pantry", "Sku": "21448296_EA", "Regular Price": "None", "Sale Price": "1.50", "Image": "https://assets.shop.loblaws.ca/products/21448296/b1/en/front/21448296_front_a01_@2.png", "Brand": "Club House", "Url": "https://www.maxi.ca/fries-seasoning-mix-loaded/p/21448296_EA", "Sub Category": null, "English Name": "Fries Seasoning Mix Loaded", "Size": "27 g", "Size Label": "ea"}, {"Category": "Condiments & Sauces", "Aisle": "Pantry", "Sku": "20302416004_EA", "Regular Price": "None", "Sale Price": "3.00", "Image": "https://assets.shop.loblaws.ca/products/20302416004/b1/en/front/20302416004_front_a01_@2.png", "Brand": "Canton", "Url": "https://www.maxi.ca/oriental-style-fondue-and-dipping-sauce/p/20302416004_EA", "Sub Category": null, "English Name": "Oriental Style Fondue and Dipping Sauce", "Size": "180 ml", "Size Label": "ea"}, {"Category": "Condiments & Sauces", "Aisle": "Pantry", "Sku": "20032602001_EA", "Regular Price": "8.29", "Sale Price": "7.79", "Image": "https://assets.shop.loblaws.ca/products/20032602001/b1/en/front/20032602001_front_a01_@2.png", "Brand": "Maille", "Url": "https://www.maxi.ca/dijon-originale-mustard/p/20032602001_EA", "Sub Category": null, "English Name": "Dijon Originale Mustard", "Size": "500 ml", "Size Label": "ea"}, {"Category": "Condiments & Sauces", "Aisle": "Pantry", "Sku": "20628297002_EA", "Regular Price": "None", "Sale Price": "3.79", "Image": "https://assets.shop.loblaws.ca/products/20628297002/b1/en/front/20628297002_front_a01_@2.png", "Brand": "Kraft", "Url": "https://www.maxi.ca/catalina-dressing/p/20628297002_EA", "Sub Category": null, "English Name": "Catalina Dressing", "Size": "475 ml", "Size Label": "ea"}, {"Category": "Condiments & Sauces", "Aisle": "Pantry", "Sku": "21109503_EA", "Regular Price": "None", "Sale Price": "4.99", "Image": "https://assets.shop.loblaws.ca/products/21109503/b1/en/front/21109503_front_a01_@2.png", "Brand": "PC Blue Menu", "Url": "https://www.maxi.ca/caesar-salad-dressing/p/21109503_EA", "Sub Category": null, "English Name": "Caesar Salad Dressing", "Size": "355 ml", "Size Label": "ea"}, {"Category": "Condiments & Sauces", "Aisle": "Pantry", "Sku": "20046681_EA", "Regular Price": "None", "Sale Price": "8.99", "Image": "https://assets.shop.loblaws.ca/products/20046681/b1/en/front/20046681_front_a01_@2.png", "Brand": "Renees", "Url": "https://www.maxi.ca/caesar-salad-dressing/p/20046681_EA", "Sub Category": null, "English Name": "Caesar Salad Dressing", "Size": "750 ml", "Size Label": "ea"}, {"Category": "Condiments & Sauces", "Aisle": "Pantry", "Sku": "21109485_EA", "Regular Price": "None", "Sale Price": "4.99", "Image": "https://assets.shop.loblaws.ca/products/21109485/b1/en/front/21109485_front_a01_@2.png", "Brand": "President's Choice", "Url": "https://www.maxi.ca/blue-cheese-dressing/p/21109485_EA", "Sub Category": null, "English Name": "Blue Cheese Dressing", "Size": "355 ml", "Size Label": "ea"}, {"Category": "Condiments & Sauces", "Aisle": "Pantry", "Sku": "21021521_EA", "Regular Price": "None", "Sale Price": "3.49", "Image": "https://assets.shop.loblaws.ca/products/21021521/b1/en/front/21021521_front_a01_@2.png", "Brand": "President's Choice", "Url": "https://www.maxi.ca/smokin-stampede-beer-chipotle-barbecue-sauce/p/21021521_EA", "Sub Category": null, "English Name": "Smokin' Stampede Beer & Chipotle Barbecue Sauce", "Size": "500 ml", "Size Label": "ea"}, {"Category": "Condiments & Sauces", "Aisle": "Pantry", "Sku": "20325386001_EA", "Regular Price": "None", "Sale Price": "4.99", "Image": "https://assets.shop.loblaws.ca/products/20325386001/b1/en/front/20325386001_front_a01_@2.png", "Brand": "HP", "Url": "https://www.maxi.ca/steak-sauce/p/20325386001_EA", "Sub Category": null, "English Name": "Steak Sauce", "Size": "400 ml", "Size Label": "ea"}, {"Category": "Condiments & Sauces", "Aisle": "Pantry", "Sku": "21363755_EA", "Regular Price": "None", "Sale Price": "5.49", "Image": "https://assets.shop.loblaws.ca/products/21363755/b1/en/front/21363755_front_a01_@2.png", "Brand": "St Hubert", "Url": "https://www.maxi.ca/sauce/p/21363755_EA", "Sub Category": null, "English Name": "Sauce ", "Size": "350 ml", "Size Label": "ea"}, {"Category": "Condiments & Sauces", "Aisle": "Pantry", "Sku": "21353562_EA", "Regular Price": "None", "Sale Price": "6.29", "Image": "https://assets.shop.loblaws.ca/products/21353562/b1/en/front/21353562_front_a01_@2.png", "Brand": "Maison Orphee", "Url": "https://www.maxi.ca/vinaigrette-marinade-ranch/p/21353562_EA", "Sub Category": null, "English Name": "Vinaigrette Marinade Ranch", "Size": "240 ml", "Size Label": "ea"}, {"Category": "Condiments & Sauces", "Aisle": "Pantry", "Sku": "20618858_EA", "Regular Price": "None", "Sale Price": "4.49", "Image": "https://assets.shop.loblaws.ca/products/20618858/b1/en/front/20618858_front_a01_@2.png", "Brand": "No Name", "Url": "https://www.maxi.ca/whipped-dressing/p/20618858_EA", "Sub Category": null, "English Name": "Whipped Dressing", "Size": "890 ml", "Size Label": "ea"}, {"Category": "Condiments & Sauces", "Aisle": "Pantry", "Sku": "20307866003_EA", "Regular Price": "None", "Sale Price": "2.69", "Image": "https://assets.shop.loblaws.ca/products/20307866003/b1/en/front/20307866003_front_a01_@2.png", "Brand": "Knorr", "Url": "https://www.maxi.ca/classic-roast-gravy-mix-au-jus/p/20307866003_EA", "Sub Category": null, "English Name": "Classic Roast Gravy Mix Au Jus ", "Size": "26 g", "Size Label": "ea"}, {"Category": "Condiments & Sauces", "Aisle": "Pantry", "Sku": "20146761_EA", "Regular Price": "None", "Sale Price": "5.99", "Image": "https://assets.shop.loblaws.ca/products/20146761/b1/en/front/20146761_front_a01_@2.png", "Brand": "Hormel", "Url": "https://www.maxi.ca/bacon-bits-less-fat/p/20146761_EA", "Sub Category": null, "English Name": "Bacon Bits Less Fat", "Size": "100 g", "Size Label": "ea"}, {"Category": "Condiments & Sauces", "Aisle": "Pantry", "Sku": "20050452005_EA", "Regular Price": "None", "Sale Price": "2.49", "Image": "https://assets.shop.loblaws.ca/products/20050452005/b1/en/front/20050452005_front_a01_@2.png", "Brand": "President's Choice", "Url": "https://www.maxi.ca/honey-mustard/p/20050452005_EA", "Sub Category": null, "English Name": "Honey Mustard", "Size": "325 ml", "Size Label": "ea"}, {"Category": "Condiments & Sauces", "Aisle": "Pantry", "Sku": "21169836_EA", "Regular Price": "None", "Sale Price": "5.49", "Image": "https://assets.shop.loblaws.ca/products/21169836/b1/en/front/21169836_front_a01_@2.png", "Brand": "Hellmanns", "Url": "https://www.maxi.ca/burger-sauce-for-burgers-classic-gluten-free-certi/p/21169836_EA", "Sub Category": null, "English Name": "Burger Sauce for burgers Classic gluten free, certified Kosher Condiment", "Size": "325 ml", "Size Label": "ea"}, {"Category": "Condiments & Sauces", "Aisle": "Pantry", "Sku": "20173154002_EA", "Regular Price": "None", "Sale Price": "9.99", "Image": "https://assets.shop.loblaws.ca/products/20173154002/b1/en/front/20173154002_front_a01_@2.png", "Brand": "Hellmanns", "Url": "https://www.maxi.ca/mayonnaise-for-sandwiches-salads-and-burgers-real/p/20173154002_EA", "Sub Category": null, "English Name": "Mayonnaise for sandwiches, salads, and burgers Real gluten-free and kosher", "Size": "1.42 l", "Size Label": "ea"}, {"Category": "Condiments & Sauces", "Aisle": "Pantry", "Sku": "20628488001_EA", "Regular Price": "None", "Sale Price": "3.49", "Image": "https://assets.shop.loblaws.ca/products/20628488001/b1/en/front/20628488001_front_a01_@2.png", "Brand": "President's Choice", "Url": "https://www.maxi.ca/caesar-dressing/p/20628488001_EA", "Sub Category": null, "English Name": "Caesar Dressing", "Size": "475 ml", "Size Label": "ea"}, {"Category": "Condiments & Sauces", "Aisle": "Pantry", "Sku": "20173154001_EA", "Regular Price": "None", "Sale Price": "9.99", "Image": "https://assets.shop.loblaws.ca/products/20173154001/b1/en/front/20173154001_front_a01_@2.png", "Brand": "Hellmanns", "Url": "https://www.maxi.ca/mayonnaise-type-dressing-condiment-for-fries-burge/p/20173154001_EA", "Sub Category": null, "English Name": "Mayonnaise Type Dressing condiment for fries, burgers, and salads Light\u00a0\u00bd\u00a0Fat", "Size": "1.42 l", "Size Label": "ea"}, {"Category": "Condiments & Sauces", "Aisle": "Pantry", "Sku": "21290145_EA", "Regular Price": "7.49", "Sale Price": "6.99", "Image": "https://assets.shop.loblaws.ca/products/21290145/b1/en/front/21290145_front_a01_@2.png", "Brand": "Knorr", "Url": "https://www.maxi.ca/concentrated-bouillon-vegetable/p/21290145_EA", "Sub Category": null, "English Name": "Concentrated Bouillon Vegetable ", "Size": "250 ml", "Size Label": "ea"}, {"Category": "Condiments & Sauces", "Aisle": "Pantry", "Sku": "20297436001_EA", "Regular Price": "2.79", "Sale Price": "2.49", "Image": "https://assets.shop.loblaws.ca/products/20297436001/b1/en/front/20297436001_front_a01_@2.png", "Brand": "Knorr", "Url": "https://www.maxi.ca/bouillon-cubes-chicken-flavour/p/20297436001_EA", "Sub Category": null, "English Name": "Bouillon Cubes chicken flavour", "Size": "69 g", "Size Label": "ea"}, {"Category": "Condiments & Sauces", "Aisle": "Pantry", "Sku": "21330755_EA", "Regular Price": "None", "Sale Price": "2.99", "Image": "https://assets.shop.loblaws.ca/products/21330755/b1/en/front/21330755_front_a01_@2.png", "Brand": "VH", "Url": "https://www.maxi.ca/lemon-peri-peri-sauce/p/21330755_EA", "Sub Category": null, "English Name": "Lemon Peri Peri Sauce   ", "Size": "341 ml", "Size Label": "ea"}, {"Category": "Condiments & Sauces", "Aisle": "Pantry", "Sku": "20309693002_EA", "Regular Price": "None", "Sale Price": "2.99", "Image": "https://assets.shop.loblaws.ca/products/20309693002/b1/en/front/20309693002_front_a01_@2.png", "Brand": "VH", "Url": "https://www.maxi.ca/marinade-strong-garlic-sauce/p/20309693002_EA", "Sub Category": null, "English Name": "Marinade -  Strong Garlic Sauce", "Size": "341 ml", "Size Label": "ea"}, {"Category": "Condiments & Sauces", "Aisle": "Pantry", "Sku": "20547831_EA", "Regular Price": "None", "Sale Price": "4.29", "Image": "https://assets.shop.loblaws.ca/products/20547831/b1/en/front/20547831_front_a01_@2.png", "Brand": "No Name", "Url": "https://www.maxi.ca/mayonnaise/p/20547831_EA", "Sub Category": null, "English Name": "Mayonnaise", "Size": "445 ml", "Size Label": "ea"}, {"Category": "Condiments & Sauces", "Aisle": "Pantry", "Sku": "20314227004_EA", "Regular Price": "None", "Sale Price": "1.69", "Image": "https://assets.shop.loblaws.ca/products/20314227004/b1/en/front/20314227004_front_a01_@2.png", "Brand": "Frenchs", "Url": "https://www.maxi.ca/turkey-gravy-mix/p/20314227004_EA", "Sub Category": null, "English Name": "Turkey Gravy Mix", "Size": "25 g", "Size Label": "ea"}, {"Category": "Condiments & Sauces", "Aisle": "Pantry", "Sku": "20308422001_EA", "Regular Price": "None", "Sale Price": "3.49", "Image": "https://assets.shop.loblaws.ca/products/20308422001/b1/en/front/20308422001_front_a01_@2.png", "Brand": "President's Choice", "Url": "https://www.maxi.ca/general-tao-stir-fry-sauce/p/20308422001_EA", "Sub Category": null, "English Name": "General Tao Stir-Fry Sauce", "Size": "350 ml", "Size Label": "ea"}, {"Category": "Condiments & Sauces", "Aisle": "Pantry", "Sku": "20901432_EA", "Regular Price": "4.79", "Sale Price": "4.49", "Image": "https://assets.shop.loblaws.ca/products/20901432/b1/en/front/20901432_front_a01_@2.png", "Brand": "Blue Dragon", "Url": "https://www.maxi.ca/sweet-chilli-sauce/p/20901432_EA", "Sub Category": null, "English Name": "Sweet Chilli Sauce", "Size": "310 ml", "Size Label": "ea"}, {"Category": "Condiments & Sauces", "Aisle": "Pantry", "Sku": "20307707003_EA", "Regular Price": "None", "Sale Price": "2.79", "Image": "https://assets.shop.loblaws.ca/products/20307707003/b1/en/front/20307707003_front_a01_@2.png", "Brand": "No Name", "Url": "https://www.maxi.ca/light-italian-dressing/p/20307707003_EA", "Sub Category": null, "English Name": "Light Italian Dressing", "Size": "475 ml", "Size Label": "ea"}, {"Category": "Condiments & Sauces", "Aisle": "Pantry", "Sku": "20861237_EA", "Regular Price": "None", "Sale Price": "3.79", "Image": "https://assets.shop.loblaws.ca/products/20861237/b1/en/front/20861237_front_a01_@2.png", "Brand": "President's Choice", "Url": "https://www.maxi.ca/chipotle-mayo-sandwich-spread/p/20861237_EA", "Sub Category": null, "English Name": "Chipotle Mayo Sandwich Spread", "Size": "300 ml", "Size Label": "ea"}, {"Category": "Condiments & Sauces", "Aisle": "Pantry", "Sku": "21526305_EA", "Regular Price": "None", "Sale Price": "3.99", "Image": "https://assets.shop.loblaws.ca/products/21526305/b1/en/front/21526305_front_a01_@2.png", "Brand": "Fresh Gourmet", "Url": "https://www.maxi.ca/tortilla-strips-santa-fe-style/p/21526305_EA", "Sub Category": null, "English Name": "Tortilla Strips Santa Fe Style", "Size": "99 g", "Size Label": "ea"}, {"Category": "Condiments & Sauces", "Aisle": "Pantry", "Sku": "20628489004_EA", "Regular Price": "None", "Sale Price": "2.79", "Image": "https://assets.shop.loblaws.ca/products/20628489004/b1/en/front/20628489004_front_a01_@2.png", "Brand": "No Name", "Url": "https://www.maxi.ca/french-dressing/p/20628489004_EA", "Sub Category": null, "English Name": "French Dressing", "Size": "475 ml", "Size Label": "ea"}, {"Category": "Condiments & Sauces", "Aisle": "Pantry", "Sku": "20616539003_EA", "Regular Price": "None", "Sale Price": "5.00", "Image": "https://assets.shop.loblaws.ca/products/20616539003/b1/en/front/20616539003_front_a01_@2.png", "Brand": "Canton", "Url": "https://www.maxi.ca/the-original-broth-for-fondue-and-cooking/p/20616539003_EA", "Sub Category": null, "English Name": "The Original Broth for Fondue and Cooking", "Size": "1.1 l", "Size Label": "ea"}, {"Category": "Condiments & Sauces", "Aisle": "Pantry", "Sku": "20683482_EA", "Regular Price": "None", "Sale Price": "5.29", "Image": "https://assets.shop.loblaws.ca/products/20683482/b1/en/front/20683482_front_a01_@2.png", "Brand": "No Name", "Url": "https://www.maxi.ca/sweet-zesty-tomato-chili-sauce/p/20683482_EA", "Sub Category": null, "English Name": "Sweet & Zesty Tomato Chili Sauce", "Size": "455 ml", "Size Label": "ea"}, {"Category": "Condiments & Sauces", "Aisle": "Pantry", "Sku": "20310312002_EA", "Regular Price": "None", "Sale Price": "5.00", "Image": "https://assets.shop.loblaws.ca/products/20310312002/b1/en/front/20310312002_front_a01_@2.png", "Brand": "Loney's", "Url": "https://www.maxi.ca/dehydrated-chicken-bouillon/p/20310312002_EA", "Sub Category": null, "English Name": "Dehydrated Chicken Bouillon", "Size": "400 g", "Size Label": "ea"}, {"Category": "Condiments & Sauces", "Aisle": "Pantry", "Sku": "20547834006_EA", "Regular Price": "None", "Sale Price": "3.29", "Image": "https://assets.shop.loblaws.ca/products/20547834006/b1/en/front/20547834006_front_a01_@2.png", "Brand": "Bull's-Eye", "Url": "https://www.maxi.ca/hickory-bbq-sauce/p/20547834006_EA", "Sub Category": null, "English Name": "Hickory BBQ Sauce", "Size": "425 ml", "Size Label": "ea"}, {"Category": "Condiments & Sauces", "Aisle": "Pantry", "Sku": "20299337003_EA", "Regular Price": "None", "Sale Price": "4.99", "Image": "https://assets.shop.loblaws.ca/products/20299337003/b1/en/front/20299337003_front_a01_@2.png", "Brand": "President's Choice", "Url": "https://www.maxi.ca/tha-red-curry-cooking-sauce/p/20299337003_EA", "Sub Category": null, "English Name": "Tha\u00ef Red Curry Cooking Sauce", "Size": "400 ml", "Size Label": "ea"}, {"Category": "Condiments & Sauces", "Aisle": "Pantry", "Sku": "20323323002_EA", "Regular Price": "None", "Sale Price": "2.69", "Image": "https://assets.shop.loblaws.ca/products/20323323002/b1/en/front/20323323002_front_a01_@2.png", "Brand": "Knorr", "Url": "https://www.maxi.ca/pasta-sauce-mix-carbonara/p/20323323002_EA", "Sub Category": null, "English Name": "Pasta Sauce Mix Carbonara ", "Size": "48 g", "Size Label": "ea"}, {"Category": "Condiments & Sauces", "Aisle": "Pantry", "Sku": "20628744001_EA", "Regular Price": "None", "Sale Price": "6.49", "Image": "https://assets.shop.loblaws.ca/products/20628744001/b1/en/front/20628744001_front_a01_@2.png", "Brand": "Hellmanns", "Url": "https://www.maxi.ca/mayonnaise-olive-oil/p/20628744001_EA", "Sub Category": null, "English Name": "Mayonnaise Olive Oil", "Size": "750 ml", "Size Label": "ea"}, {"Category": "Condiments & Sauces", "Aisle": "Pantry", "Sku": "20323323006_EA", "Regular Price": "None", "Sale Price": "2.69", "Image": "https://assets.shop.loblaws.ca/products/20323323006/b1/en/front/20323323006_front_a01_@2.png", "Brand": "Knorr", "Url": "https://www.maxi.ca/recipe-pasta-sauce-mix-creamy-garlic/p/20323323006_EA", "Sub Category": null, "English Name": "Recipe Pasta Sauce Mix Creamy Garlic", "Size": "37 g", "Size Label": "ea"}, {"Category": "Condiments & Sauces", "Aisle": "Pantry", "Sku": "21455733_EA", "Regular Price": "None", "Sale Price": "2.99", "Image": "https://assets.shop.loblaws.ca/products/21455733/b1/en/front/21455733_front_a01_@2.png", "Brand": "Grissol", "Url": "https://www.maxi.ca/croutons-baguette-style-tuscan-tomato/p/21455733_EA", "Sub Category": null, "English Name": "Croutons Baguette Style Tuscan Tomato", "Size": "112 g", "Size Label": "ea"}, {"Category": "Condiments & Sauces", "Aisle": "Pantry", "Sku": "20312337002_EA", "Regular Price": "None", "Sale Price": "5.00", "Image": "https://assets.shop.loblaws.ca/products/20312337002/b1/en/front/20312337002_front_a01_@2.png", "Brand": "No Name", "Url": "https://www.maxi.ca/beef-bouillon-concentrate/p/20312337002_EA", "Sub Category": null, "English Name": "Beef Bouillon Concentrate", "Size": "500 ml", "Size Label": "ea"}, {"Category": "Condiments & Sauces", "Aisle": "Pantry", "Sku": "21208524_EA", "Regular Price": "None", "Sale Price": "3.00", "Image": "https://assets.shop.loblaws.ca/products/21208524/b1/en/front/21208524_front_a01_@2.png", "Brand": "Canton", "Url": "https://www.maxi.ca/bacon-and-maple-fondue-and-dipping-sauce/p/21208524_EA", "Sub Category": null, "English Name": "Bacon and Maple Fondue and Dipping Sauce", "Size": "180 ml", "Size Label": "ea"}, {"Category": "Condiments & Sauces", "Aisle": "Pantry", "Sku": "20165411_EA", "Regular Price": "None", "Sale Price": "2.29", "Image": "https://assets.shop.loblaws.ca/products/20165411/b1/en/front/20165411_front_a01_@2.png", "Brand": "Coronation", "Url": "https://www.maxi.ca/sweet-relish/p/20165411_EA", "Sub Category": null, "English Name": "Sweet Relish     ", "Size": "375 ml", "Size Label": "ea"}, {"Category": "Condiments & Sauces", "Aisle": "Pantry", "Sku": "20179947_EA", "Regular Price": "None", "Sale Price": "3.79", "Image": "https://assets.shop.loblaws.ca/products/20179947/b1/en/front/20179947_front_a01_@2.png", "Brand": "Knorr", "Url": "https://www.maxi.ca/bovril-bouillon-mix-chinese-fondue/p/20179947_EA", "Sub Category": null, "English Name": "Bovril Bouillon Mix Chinese Fondue", "Size": "142 g", "Size Label": "ea"}, {"Category": "Condiments & Sauces", "Aisle": "Pantry", "Sku": "20307695002_EA", "Regular Price": "1.99", "Sale Price": "0.95", "Image": "https://assets.shop.loblaws.ca/products/20307695002/b1/en/front/20307695002_front_a01_@2.png", "Brand": "St Hubert", "Url": "https://www.maxi.ca/gravy-mix-hot-chicken-sandwich/p/20307695002_EA", "Sub Category": null, "English Name": "Gravy Mix, Hot Chicken Sandwich", "Size": "57 g", "Size Label": "ea"}, {"Category": "Condiments & Sauces", "Aisle": "Pantry", "Sku": "21219735_EA", "Regular Price": "None", "Sale Price": "2.99", "Image": "https://assets.shop.loblaws.ca/products/21219735/b1/en/front/21219735_front_a01_@2.png", "Brand": "VH", "Url": "https://www.maxi.ca/mango-chili/p/21219735_EA", "Sub Category": null, "English Name": "Mango Chili     ", "Size": "341 ml", "Size Label": "ea"}, {"Category": "Condiments & Sauces", "Aisle": "Pantry", "Sku": "20307057004_EA", "Regular Price": "None", "Sale Price": "5.99", "Image": "https://assets.shop.loblaws.ca/products/20307057004/b1/en/front/20307057004_front_a01_@2.png", "Brand": "Pataks", "Url": "https://www.maxi.ca/tandoori-curry-paste/p/20307057004_EA", "Sub Category": null, "English Name": "Tandoori Curry Paste", "Size": "284 ml", "Size Label": "ea"}, {"Category": "Condiments & Sauces", "Aisle": "Pantry", "Sku": "21105391_EA", "Regular Price": "None", "Sale Price": "5.99", "Image": "https://assets.shop.loblaws.ca/products/21105391/b1/en/front/21105391_front_a01_@2.png", "Brand": "Pataks", "Url": "https://www.maxi.ca/korma-curry-paste/p/21105391_EA", "Sub Category": null, "English Name": "Korma Curry Paste", "Size": "284 ml", "Size Label": "ea"}, {"Category": "Condiments & Sauces", "Aisle": "Pantry", "Sku": "20606697_EA", "Regular Price": "4.99", "Sale Price": "3.99", "Image": "https://assets.shop.loblaws.ca/products/20606697/b1/en/front/20606697_front_a01_@2.png", "Brand": "El Ma Mia", "Url": "https://www.maxi.ca/spaghetti-sauce-spice-mix/p/20606697_EA", "Sub Category": null, "English Name": "Spaghetti Sauce Spice Mix", "Size": "110 g", "Size Label": "ea"}, {"Category": "Condiments & Sauces", "Aisle": "Pantry", "Sku": "20301327001_EA", "Regular Price": "None", "Sale Price": "6.49", "Image": "https://assets.shop.loblaws.ca/products/20301327001/b1/en/front/20301327001_front_a01_@2.png", "Brand": "Heinz", "Url": "https://www.maxi.ca/original-57-sauce/p/20301327001_EA", "Sub Category": null, "English Name": "Original 57 Sauce", "Size": "500 ml", "Size Label": "ea"}, {"Category": "Condiments & Sauces", "Aisle": "Pantry", "Sku": "20770689_EA", "Regular Price": "4.79", "Sale Price": "4.49", "Image": "https://assets.shop.loblaws.ca/products/20770689/b1/en/front/20770689_front_a01_@2.png", "Brand": "Blue Dragon", "Url": "https://www.maxi.ca/thai-green-curry-paste/p/20770689_EA", "Sub Category": null, "English Name": "Thai Green Curry Paste", "Size": "270 ml", "Size Label": "ea"}, {"Category": "Condiments & Sauces", "Aisle": "Pantry", "Sku": "20708549001_EA", "Regular Price": "2.29", "Sale Price": "1.99", "Image": "https://assets.shop.loblaws.ca/products/20708549001/b1/en/front/20708549001_front_a01_@2.png", "Brand": "Blue Dragon", "Url": "https://www.maxi.ca/honey-teriyaki-stir-fry-sauce/p/20708549001_EA", "Sub Category": null, "English Name": "Honey Teriyaki Stir Fry Sauce", "Size": "140 ml", "Size Label": "ea"}, {"Category": "Condiments & Sauces", "Aisle": "Pantry", "Sku": "21290590_EA", "Regular Price": "None", "Sale Price": "5.00", "Image": "https://assets.shop.loblaws.ca/products/21290590/b1/en/front/21290590_front_a01_@2.png", "Brand": "Heinz", "Url": "https://www.maxi.ca/mayoracha-sauce/p/21290590_EA", "Sub Category": null, "English Name": "Mayoracha Sauce", "Size": "490 ml", "Size Label": "ea"}, {"Category": "Condiments & Sauces", "Aisle": "Pantry", "Sku": "20157056001_EA", "Regular Price": "None", "Sale Price": "2.29", "Image": "https://assets.shop.loblaws.ca/products/20157056001/b1/en/front/20157056001_front_a01_@2.png", "Brand": "Suwong", "Url": "https://www.maxi.ca/sauce-mix-fried-rice-seasoning/p/20157056001_EA", "Sub Category": null, "English Name": "Sauce Mix, Fried Rice Seasoning", "Size": "25 g", "Size Label": "ea"}, {"Category": "Condiments & Sauces", "Aisle": "Pantry", "Sku": "20316056_EA", "Regular Price": "None", "Sale Price": "5.99", "Image": "https://assets.shop.loblaws.ca/products/20316056/b1/en/front/20316056_front_a01_@2.png", "Brand": "Renees", "Url": "https://www.maxi.ca/dressing-and-dip-mighty-caesar/p/20316056_EA", "Sub Category": null, "English Name": "Dressing And Dip Mighty Caesar", "Size": "355 ml", "Size Label": "ea"}, {"Category": "Condiments & Sauces", "Aisle": "Pantry", "Sku": "20693317_EA", "Regular Price": "None", "Sale Price": "4.49", "Image": "https://assets.shop.loblaws.ca/products/20693317/b1/en/front/20693317_front_a01_@2.png", "Brand": "Maggi", "Url": "https://www.maxi.ca/tamarina-sauce/p/20693317_EA", "Sub Category": null, "English Name": "Tamarina Sauce", "Size": "340 ml", "Size Label": "ea"}, {"Category": "Condiments & Sauces", "Aisle": "Pantry", "Sku": "21334501_EA", "Regular Price": "None", "Sale Price": "4.99", "Image": "https://assets.shop.loblaws.ca/products/21334501/b1/en/front/21334501_front_a01_@2.png", "Brand": "President's Choice", "Url": "https://www.maxi.ca/poppy-seed-dressing/p/21334501_EA", "Sub Category": null, "English Name": "Poppy Seed Dressing ", "Size": "355 ml", "Size Label": "ea"}, {"Category": "Condiments & Sauces", "Aisle": "Pantry", "Sku": "21386097_EA", "Regular Price": "None", "Sale Price": "5.99", "Image": "https://assets.shop.loblaws.ca/products/21386097/b1/en/front/21386097_front_a01_@2.png", "Brand": "Canada Sauce", "Url": "https://www.maxi.ca/sweet-relish-sauce/p/21386097_EA", "Sub Category": null, "English Name": "Sweet Relish Sauce", "Size": "350 ml", "Size Label": "ea"}, {"Category": "Condiments & Sauces", "Aisle": "Pantry", "Sku": "21092580_EA", "Regular Price": "None", "Sale Price": "4.99", "Image": "https://assets.shop.loblaws.ca/products/21092580/b1/en/front/21092580_front_a01_@2.png", "Brand": "Heinz", "Url": "https://www.maxi.ca/tartar-sauce/p/21092580_EA", "Sub Category": null, "English Name": "Tartar Sauce", "Size": "354 ml", "Size Label": "ea"}, {"Category": "Condiments & Sauces", "Aisle": "Pantry", "Sku": "20321329001_EA", "Regular Price": "None", "Sale Price": "2.49", "Image": "https://assets.shop.loblaws.ca/products/20321329001/b1/en/front/20321329001_front_a01_@2.png", "Brand": "Knorr", "Url": "https://www.maxi.ca/classic-sauce-mix-hollandaise-without-artificial-f/p/20321329001_EA", "Sub Category": null, "English Name": "Classic Sauce Mix Hollandaise without artificial flavours", "Size": "26 g", "Size Label": "ea"}, {"Category": "Condiments & Sauces", "Aisle": "Pantry", "Sku": "20075939001_EA", "Regular Price": "None", "Sale Price": "10.49", "Image": "https://assets.shop.loblaws.ca/products/20075939001/b1/en/front/20075939001_front_a01_@2.png", "Brand": "Kraft", "Url": "https://www.maxi.ca/miracle-whip-original-spread/p/20075939001_EA", "Sub Category": null, "English Name": "Miracle Whip Original Spread", "Size": "1.5 l", "Size Label": "ea"}, {"Category": "Condiments & Sauces", "Aisle": "Pantry", "Sku": "20307866001_EA", "Regular Price": "None", "Sale Price": "2.69", "Image": "https://assets.shop.loblaws.ca/products/20307866001/b1/en/front/20307866001_front_a01_@2.png", "Brand": "Knorr", "Url": "https://www.maxi.ca/demi-glace-classic-roast-gravy-mix/p/20307866001_EA", "Sub Category": null, "English Name": "Demi-Glace Classic Roast Gravy Mix ", "Size": "34 g", "Size Label": "ea"}, {"Category": "Condiments & Sauces", "Aisle": "Pantry", "Sku": "20032445_EA", "Regular Price": "None", "Sale Price": "4.29", "Image": "https://assets.shop.loblaws.ca/products/20032445/b1/en/front/20032445_front_a01_@2.png", "Brand": "Ali Si Bon", "Url": "https://www.maxi.ca/fruit-ketchup/p/20032445_EA", "Sub Category": null, "English Name": "Fruit Ketchup", "Size": "500 ml", "Size Label": "ea"}, {"Category": "Condiments & Sauces", "Aisle": "Pantry", "Sku": "21353558_EA", "Regular Price": "None", "Sale Price": "6.29", "Image": "https://assets.shop.loblaws.ca/products/21353558/b1/en/front/21353558_front_a01_@2.png", "Brand": "Maison Orphee", "Url": "https://www.maxi.ca/vinaigrette-marinade-caesar/p/21353558_EA", "Sub Category": null, "English Name": "Vinaigrette Marinade Caesar", "Size": "250 ml", "Size Label": "ea"}, {"Category": "Condiments & Sauces", "Aisle": "Pantry", "Sku": "20620095_EA", "Regular Price": "None", "Sale Price": "5.49", "Image": "https://assets.shop.loblaws.ca/products/20620095/b1/en/front/20620095_front_a01_@2.png", "Brand": "President's Choice", "Url": "https://www.maxi.ca/memories-of-thailand-sweet-chili-pepper-sauce/p/20620095_EA", "Sub Category": null, "English Name": "Memories of Thailand Sweet Chili Pepper Sauce", "Size": "350 ml", "Size Label": "ea"}, {"Category": "Condiments & Sauces", "Aisle": "Pantry", "Sku": "20628297014_EA", "Regular Price": "None", "Sale Price": "3.79", "Image": "https://assets.shop.loblaws.ca/products/20628297014/b1/en/front/20628297014_front_a01_@2.png", "Brand": "Kraft", "Url": "https://www.maxi.ca/zesty-italian-salad-dressing/p/20628297014_EA", "Sub Category": null, "English Name": "Zesty Italian Salad Dressing", "Size": "475 ml", "Size Label": "ea"}, {"Category": "Condiments & Sauces", "Aisle": "Pantry", "Sku": "20770797_EA", "Regular Price": "None", "Sale Price": "3.79", "Image": "https://assets.shop.loblaws.ca/products/20770797/b1/en/front/20770797_front_a01_@2.png", "Brand": "President's Choice", "Url": "https://www.maxi.ca/smoky-bacon-mayo-sandwich-spread/p/20770797_EA", "Sub Category": null, "English Name": "Smoky Bacon Mayo Sandwich Spread", "Size": "300 ml", "Size Label": "ea"}, {"Category": "Condiments & Sauces", "Aisle": "Pantry", "Sku": "21406063_EA", "Regular Price": "None", "Sale Price": "5.79", "Image": "https://assets.shop.loblaws.ca/products/21406063/b1/en/front/21406063_front_a01_@2.png", "Brand": "PC Black Label", "Url": "https://www.maxi.ca/gold-barbecue-sauce/p/21406063_EA", "Sub Category": null, "English Name": "Gold Barbecue Sauce", "Size": "350 ml", "Size Label": "ea"}, {"Category": "Condiments & Sauces", "Aisle": "Pantry", "Sku": "20616539006_EA", "Regular Price": "None", "Sale Price": "5.00", "Image": "https://assets.shop.loblaws.ca/products/20616539006/b1/en/front/20616539006_front_a01_@2.png", "Brand": "Canton", "Url": "https://www.maxi.ca/broth-fondue-sriracha/p/20616539006_EA", "Sub Category": null, "English Name": "Broth Fondue, Sriracha", "Size": "1.1 l", "Size Label": "ea"}, {"Category": "Condiments & Sauces", "Aisle": "Pantry", "Sku": "21061992_EA", "Regular Price": "None", "Sale Price": "4.29", "Image": "https://assets.shop.loblaws.ca/products/21061992/b1/en/front/21061992_front_a01_@2.png", "Brand": "President's Choice", "Url": "https://www.maxi.ca/not-so-secret-spread-and-dip/p/21061992_EA", "Sub Category": null, "English Name": "Not-So-Secret Spread And Dip", "Size": "300 ml", "Size Label": "ea"}, {"Category": "Condiments & Sauces", "Aisle": "Pantry", "Sku": "20300643001_EA", "Regular Price": "None", "Sale Price": "2.99", "Image": "https://assets.shop.loblaws.ca/products/20300643001/b1/en/front/20300643001_front_a01_@2.png", "Brand": "VH", "Url": "https://www.maxi.ca/simmering-sauce-butter-chicken/p/20300643001_EA", "Sub Category": null, "English Name": "Simmering Sauce - Butter Chicken", "Size": "341 ml", "Size Label": "ea"}, {"Category": "Condiments & Sauces", "Aisle": "Pantry", "Sku": "20767910_EA", "Regular Price": "None", "Sale Price": "3.99", "Image": "https://assets.shop.loblaws.ca/products/20767910/b1/en/front/20767910_front_a01_@2.png", "Brand": "Le Grec", "Url": "https://www.maxi.ca/original-dressing/p/20767910_EA", "Sub Category": null, "English Name": "Original Dressing", "Size": "350 ml", "Size Label": "ea"}, {"Category": "Condiments & Sauces", "Aisle": "Pantry", "Sku": "20187632003_EA", "Regular Price": "None", "Sale Price": "5.29", "Image": "https://assets.shop.loblaws.ca/products/20187632003/b1/en/front/20187632003_front_a01_@2.png", "Brand": "Franks", "Url": "https://www.maxi.ca/hot-sauce-buffalo-wings-sauce/p/20187632003_EA", "Sub Category": null, "English Name": "Hot Sauce, Buffalo Wings Sauce", "Size": "354 ml", "Size Label": "ea"}, {"Category": "Condiments & Sauces", "Aisle": "Pantry", "Sku": "20298369001_EA", "Regular Price": "None", "Sale Price": "4.99", "Image": "https://assets.shop.loblaws.ca/products/20298369001/b1/en/front/20298369001_front_a01_@2.png", "Brand": "President's Choice", "Url": "https://www.maxi.ca/butter-chicken-cooking-sauce/p/20298369001_EA", "Sub Category": null, "English Name": "Butter Chicken Cooking Sauce", "Size": "400 ml", "Size Label": "ea"}, {"Category": "Condiments & Sauces", "Aisle": "Pantry", "Sku": "21020952_EA", "Regular Price": "None", "Sale Price": "3.49", "Image": "https://assets.shop.loblaws.ca/products/21020952/b1/en/front/21020952_front_a01_@2.png", "Brand": "President's Choice", "Url": "https://www.maxi.ca/green-goddess-dressing/p/21020952_EA", "Sub Category": null, "English Name": "Green Goddess Dressing", "Size": "475 ml", "Size Label": "ea"}, {"Category": "Condiments & Sauces", "Aisle": "Pantry", "Sku": "20139275_EA", "Regular Price": "6.99", "Sale Price": "6.49", "Image": "https://assets.shop.loblaws.ca/products/20139275/b1/en/front/20139275_front_a01_@2.png", "Brand": "Kikkoman", "Url": "https://www.maxi.ca/soy-sauce/p/20139275_EA", "Sub Category": null, "English Name": "Soy Sauce", "Size": "591 ml", "Size Label": "ea"}, {"Category": "Condiments & Sauces", "Aisle": "Pantry", "Sku": "20627333001_EA", "Regular Price": "None", "Sale Price": "3.79", "Image": "https://assets.shop.loblaws.ca/products/20627333001/b1/en/front/20627333001_front_a01_@2.png", "Brand": "Kraft", "Url": "https://www.maxi.ca/asian-sesame-salad-dressing/p/20627333001_EA", "Sub Category": null, "English Name": "Asian Sesame Salad Dressing", "Size": "475 ml", "Size Label": "ea"}, {"Category": "Condiments & Sauces", "Aisle": "Pantry", "Sku": "20310312001_EA", "Regular Price": "None", "Sale Price": "5.00", "Image": "https://assets.shop.loblaws.ca/products/20310312001/b1/en/front/20310312001_front_a01_@2.png", "Brand": "Loney's", "Url": "https://www.maxi.ca/dehydrated-chicken-broth/p/20310312001_EA", "Sub Category": null, "English Name": "Dehydrated Chicken Broth", "Size": "400 g", "Size Label": "ea"}, {"Category": "Condiments & Sauces", "Aisle": "Pantry", "Sku": "21518359_EA", "Regular Price": "None", "Sale Price": "6.49", "Image": "https://assets.shop.loblaws.ca/products/21518359/b1/en/front/21518359_front_a01_@2.png", "Brand": "Hellmanns", "Url": "https://www.maxi.ca/mayonnaise-type-dressing-made-with-real-chili-pepp/p/21518359_EA", "Sub Category": null, "English Name": "Mayonnaise Type Dressing, Made with Real Chili Peppers", "Size": "750 ml", "Size Label": "ea"}, {"Category": "Condiments & Sauces", "Aisle": "Pantry", "Sku": "20050147001_EA", "Regular Price": "None", "Sale Price": "3.79", "Image": "https://assets.shop.loblaws.ca/products/20050147001/b1/en/front/20050147001_front_a01_@2.png", "Brand": "St Hubert", "Url": "https://www.maxi.ca/less-salt-broth-chicken/p/20050147001_EA", "Sub Category": null, "English Name": "Less Salt Broth, Chicken", "Size": "170 g", "Size Label": "ea"}, {"Category": "Condiments & Sauces", "Aisle": "Pantry", "Sku": "20033620012_EA", "Regular Price": "1.99", "Sale Price": "0.95", "Image": "https://assets.shop.loblaws.ca/products/20033620012/b1/en/front/20033620012_front_a01_@2.png", "Brand": "St Hubert", "Url": "https://www.maxi.ca/reduced-salt-bbq-sauce-mix/p/20033620012_EA", "Sub Category": null, "English Name": "Reduced Salt BBQ Sauce Mix", "Size": "57 g", "Size Label": "ea"}, {"Category": "Condiments & Sauces", "Aisle": "Pantry", "Sku": "20300874001_EA", "Regular Price": "4.99", "Sale Price": "3.99", "Image": "https://assets.shop.loblaws.ca/products/20300874001/b1/en/front/20300874001_front_a01_@2.png", "Brand": "El Ma Mia", "Url": "https://www.maxi.ca/spaghetti-sauce-seasoning-regular/p/20300874001_EA", "Sub Category": null, "English Name": "Spaghetti Sauce Seasoning, Regular", "Size": "110 g", "Size Label": "ea"}, {"Category": "Condiments & Sauces", "Aisle": "Pantry", "Sku": "20033620006_EA", "Regular Price": "1.99", "Sale Price": "0.95", "Image": "https://assets.shop.loblaws.ca/products/20033620006/b1/en/front/20033620006_front_a01_@2.png", "Brand": "St Hubert", "Url": "https://www.maxi.ca/poutine-gravy-mix/p/20033620006_EA", "Sub Category": null, "English Name": "Poutine Gravy Mix", "Size": "52 g", "Size Label": "ea"}, {"Category": "Condiments & Sauces", "Aisle": "Pantry", "Sku": "20627619007_EA", "Regular Price": "None", "Sale Price": "2.49", "Image": "https://assets.shop.loblaws.ca/products/20627619007/b1/en/front/20627619007_front_a01_@2.png", "Brand": "Kraft", "Url": "https://www.maxi.ca/bbq-sauce-original/p/20627619007_EA", "Sub Category": null, "English Name": "BBQ Sauce, Original", "Size": "455 ml", "Size Label": "ea"}, {"Category": "Condiments & Sauces", "Aisle": "Pantry", "Sku": "20312337001_EA", "Regular Price": "None", "Sale Price": "5.00", "Image": "https://assets.shop.loblaws.ca/products/20312337001/b1/en/front/20312337001_front_a01_@2.png", "Brand": "No Name", "Url": "https://www.maxi.ca/chicken-bouillon-concentrate/p/20312337001_EA", "Sub Category": null, "English Name": "Chicken Bouillon Concentrate", "Size": "500 ml", "Size Label": "ea"}, {"Category": "Condiments & Sauces", "Aisle": "Pantry", "Sku": "20652829002_EA", "Regular Price": "None", "Sale Price": "3.49", "Image": "https://assets.shop.loblaws.ca/products/20652829002/b1/en/front/20652829002_front_a01_@2.png", "Brand": "President's Choice", "Url": "https://www.maxi.ca/ranch-with-bacon-dressing/p/20652829002_EA", "Sub Category": null, "English Name": "Ranch with Bacon Dressing", "Size": "475 ml", "Size Label": "ea"}, {"Category": "Condiments & Sauces", "Aisle": "Pantry", "Sku": "20628297004_EA", "Regular Price": "None", "Sale Price": "3.79", "Image": "https://assets.shop.loblaws.ca/products/20628297004/b1/en/front/20628297004_front_a01_@2.png", "Brand": "Kraft", "Url": "https://www.maxi.ca/creamy-caesar-dressing/p/20628297004_EA", "Sub Category": null, "English Name": "Creamy Caesar Dressing", "Size": "475 ml", "Size Label": "ea"}, {"Category": "Condiments & Sauces", "Aisle": "Pantry", "Sku": "20959912_EA", "Regular Price": "None", "Sale Price": "6.49", "Image": "https://assets.shop.loblaws.ca/products/20959912/b1/en/front/20959912_front_a01_@2.png", "Brand": "Hellmanns", "Url": "https://www.maxi.ca/vegan-dressing-sandwich-spread/p/20959912_EA", "Sub Category": null, "English Name": "Vegan Dressing & Sandwich Spread ", "Size": "710 ml", "Size Label": "ea"}, {"Category": "Condiments & Sauces", "Aisle": "Pantry", "Sku": "20309693003_EA", "Regular Price": "None", "Sale Price": "2.99", "Image": "https://assets.shop.loblaws.ca/products/20309693003/b1/en/front/20309693003_front_a01_@2.png", "Brand": "VH", "Url": "https://www.maxi.ca/marinade-mild-garlic-sauce/p/20309693003_EA", "Sub Category": null, "English Name": "Marinade - Mild Garlic Sauce", "Size": "341 ml", "Size Label": "ea"}, {"Category": "Condiments & Sauces", "Aisle": "Pantry", "Sku": "21088738_EA", "Regular Price": "None", "Sale Price": "5.99", "Image": "https://assets.shop.loblaws.ca/products/21088738/b1/en/front/21088738_front_a01_@2.png", "Brand": "Ali Si Bon", "Url": "https://www.maxi.ca/homestyle-smoked-meat-sauce/p/21088738_EA", "Sub Category": null, "English Name": "Homestyle Smoked Meat Sauce", "Size": "700 ml", "Size Label": "ea"}, {"Category": "Condiments & Sauces", "Aisle": "Pantry", "Sku": "20021711_EA", "Regular Price": "None", "Sale Price": "29.99", "Image": "https://assets.shop.loblaws.ca/products/20021711/b1/en/front/20021711_front_a01_@2.png", "Brand": "Hellmanns", "Url": "https://www.maxi.ca/mayonnaise/p/20021711_EA", "Sub Category": null, "English Name": "Mayonnaise", "Size": "4 l", "Size Label": "ea"}, {"Category": "Condiments & Sauces", "Aisle": "Pantry", "Sku": "21182915_EA", "Regular Price": "None", "Sale Price": "4.99", "Image": "https://assets.shop.loblaws.ca/products/21182915/b1/en/front/21182915_front_a01_@2.png", "Brand": "President's Choice", "Url": "https://www.maxi.ca/refrigerated-greek-vinaigrette/p/21182915_EA", "Sub Category": null, "English Name": "Refrigerated Greek Vinaigrette", "Size": "350 ml", "Size Label": "ea"}, {"Category": "Condiments & Sauces", "Aisle": "Pantry", "Sku": "21184346_EA", "Regular Price": "None", "Sale Price": "5.00", "Image": "https://assets.shop.loblaws.ca/products/21184346/b1/en/front/21184346_front_a01_@2.png", "Brand": "Heinz", "Url": "https://www.maxi.ca/mayochup-sauce/p/21184346_EA", "Sub Category": null, "English Name": "Mayochup Sauce", "Size": "560 ml", "Size Label": "ea"}, {"Category": "Condiments & Sauces", "Aisle": "Pantry", "Sku": "20627619002_EA", "Regular Price": "None", "Sale Price": "2.49", "Image": "https://assets.shop.loblaws.ca/products/20627619002/b1/en/front/20627619002_front_a01_@2.png", "Brand": "Kraft", "Url": "https://www.maxi.ca/bbq-sauce-chicken-rib/p/20627619002_EA", "Sub Category": null, "English Name": "BBQ Sauce, Chicken & Rib", "Size": "455 ml", "Size Label": "ea"}, {"Category": "Condiments & Sauces", "Aisle": "Pantry", "Sku": "21376971_EA", "Regular Price": "None", "Sale Price": "4.79", "Image": "https://assets.shop.loblaws.ca/products/21376971/b1/en/front/21376971_front_a01_@2.png", "Brand": "No Name", "Url": "https://www.maxi.ca/chicken-concentrate/p/21376971_EA", "Sub Category": null, "English Name": "Chicken Concentrate", "Size": "250 ml", "Size Label": "ea"}, {"Category": "Condiments & Sauces", "Aisle": "Pantry", "Sku": "21095276_EA", "Regular Price": "None", "Sale Price": "4.79", "Image": "https://assets.shop.loblaws.ca/products/21095276/b1/en/front/21095276_front_a01_@2.png", "Brand": "Heinz", "Url": "https://www.maxi.ca/burger-sauce/p/21095276_EA", "Sub Category": null, "English Name": "Burger Sauce", "Size": "355 ml", "Size Label": "ea"}, {"Category": "Condiments & Sauces", "Aisle": "Pantry", "Sku": "20297436002_EA", "Regular Price": "2.79", "Sale Price": "2.49", "Image": "https://assets.shop.loblaws.ca/products/20297436002/b1/en/front/20297436002_front_a01_@2.png", "Brand": "Knorr", "Url": "https://www.maxi.ca/bouillon-cubes-a-delicious-blend-beef/p/20297436002_EA", "Sub Category": null, "English Name": "Bouillon Cubes a delicious blend Beef ", "Size": "63 g", "Size Label": "ea"}, {"Category": "Condiments & Sauces", "Aisle": "Pantry", "Sku": "21074824_EA", "Regular Price": "None", "Sale Price": "6.49", "Image": "https://assets.shop.loblaws.ca/products/21074824/b1/en/front/21074824_front_a01_@2.png", "Brand": "Hellmanns", "Url": "https://www.maxi.ca/mayonnaise-type-dressing-avocado-oil-with-a-hint-o/p/21074824_EA", "Sub Category": null, "English Name": "Mayonnaise Type Dressing Avocado Oil with a hint of Lime gluten free condiment 710 ml", "Size": "710 ml", "Size Label": "ea"}, {"Category": "Condiments & Sauces", "Aisle": "Pantry", "Sku": "20800230_EA", "Regular Price": "None", "Sale Price": "1.50", "Image": "https://assets.shop.loblaws.ca/products/20800230/b1/en/front/20800230_front_a01_@2.png", "Brand": "Club House", "Url": "https://www.maxi.ca/chicken-stew-seasoning-mix/p/20800230_EA", "Sub Category": null, "English Name": "Chicken Stew Seasoning Mix", "Size": "40 g", "Size Label": "ea"}, {"Category": "Condiments & Sauces", "Aisle": "Pantry", "Sku": "20317689_EA", "Regular Price": "None", "Sale Price": "0.95", "Image": "https://assets.shop.loblaws.ca/products/20317689/b1/en/front/20317689_front_a01_@2.png", "Brand": "St Hubert", "Url": "https://www.maxi.ca/gravy-mix-brown/p/20317689_EA", "Sub Category": null, "English Name": "Gravy Mix, Brown", "Size": "46 g", "Size Label": "ea"}, {"Category": "Condiments & Sauces", "Aisle": "Pantry", "Sku": "20321413001_EA", "Regular Price": "1.99", "Sale Price": "0.95", "Image": "https://assets.shop.loblaws.ca/products/20321413001/b1/en/front/20321413001_front_a01_@2.png", "Brand": "St Hubert", "Url": "https://www.maxi.ca/sauce-mix-pork/p/20321413001_EA", "Sub Category": null, "English Name": "Sauce Mix, Pork", "Size": "20 g", "Size Label": "ea"}, {"Category": "Condiments & Sauces", "Aisle": "Pantry", "Sku": "20800521_EA", "Regular Price": "None", "Sale Price": "1.50", "Image": "https://assets.shop.loblaws.ca/products/20800521/b1/en/front/20800521_front_a01_@2.png", "Brand": "Club House", "Url": "https://www.maxi.ca/dry-sauce-mix-chicken-gravy-gluten-free/p/20800521_EA", "Sub Category": null, "English Name": "Dry Sauce Mix, Chicken Gravy, Gluten-Free", "Size": "25 g", "Size Label": "ea"}, {"Category": "Condiments & Sauces", "Aisle": "Pantry", "Sku": "20311313001_EA", "Regular Price": "None", "Sale Price": "5.49", "Image": "https://assets.shop.loblaws.ca/products/20311313001/b1/en/front/20311313001_front_a01_@2.png", "Brand": "President's Choice", "Url": "https://www.maxi.ca/memories-of-szechwan-mild-peanut-satay-sauce/p/20311313001_EA", "Sub Category": null, "English Name": "Memories Of Szechwan Mild Peanut Satay Sauce", "Size": "350 ml", "Size Label": "ea"}, {"Category": "Condiments & Sauces", "Aisle": "Pantry", "Sku": "20033620005_EA", "Regular Price": "1.99", "Sale Price": "0.95", "Image": "https://assets.shop.loblaws.ca/products/20033620005/b1/en/front/20033620005_front_a01_@2.png", "Brand": "St Hubert", "Url": "https://www.maxi.ca/reduced-salt-turkey-gravy-mix/p/20033620005_EA", "Sub Category": null, "English Name": "Reduced Salt Turkey Gravy Mix", "Size": "25 g", "Size Label": "ea"}, {"Category": "Condiments & Sauces", "Aisle": "Pantry", "Sku": "20627333010_EA", "Regular Price": "None", "Sale Price": "3.79", "Image": "https://assets.shop.loblaws.ca/products/20627333010/b1/en/front/20627333010_front_a01_@2.png", "Brand": "Kraft", "Url": "https://www.maxi.ca/sun-dried-tomato-and-oregano-salad-dressing/p/20627333010_EA", "Sub Category": null, "English Name": "Sun Dried Tomato and Oregano Salad Dressing", "Size": "475 ml", "Size Label": "ea"}, {"Category": "Condiments & Sauces", "Aisle": "Pantry", "Sku": "20301438_EA", "Regular Price": "None", "Sale Price": "5.99", "Image": "https://assets.shop.loblaws.ca/products/20301438/b1/en/front/20301438_front_a01_@2.png", "Brand": "President's Choice", "Url": "https://www.maxi.ca/mayonnaise/p/20301438_EA", "Sub Category": null, "English Name": "Mayonnaise ", "Size": "750 ml", "Size Label": "ea"}, {"Category": "Condiments & Sauces", "Aisle": "Pantry", "Sku": "20019259_EA", "Regular Price": "None", "Sale Price": "2.49", "Image": "https://assets.shop.loblaws.ca/products/20019259/b1/en/front/20019259_front_a01_@2.png", "Brand": "VH", "Url": "https://www.maxi.ca/chinese-fondue-mix/p/20019259_EA", "Sub Category": null, "English Name": "Chinese Fondue Mix", "Size": "42 g", "Size Label": "ea"}, {"Category": "Condiments & Sauces", "Aisle": "Pantry", "Sku": "20307695003_EA", "Regular Price": "1.99", "Sale Price": "0.95", "Image": "https://assets.shop.loblaws.ca/products/20307695003/b1/en/front/20307695003_front_a01_@2.png", "Brand": "St Hubert", "Url": "https://www.maxi.ca/sauce-mix-a-la-king/p/20307695003_EA", "Sub Category": null, "English Name": "Sauce Mix, A La King", "Size": "57 g", "Size Label": "ea"}, {"Category": "Condiments & Sauces", "Aisle": "Pantry", "Sku": "20628488008_EA", "Regular Price": "None", "Sale Price": "3.49", "Image": "https://assets.shop.loblaws.ca/products/20628488008/b1/en/front/20628488008_front_a01_@2.png", "Brand": "President's Choice", "Url": "https://www.maxi.ca/creamy-coleslaw-dressing/p/20628488008_EA", "Sub Category": null, "English Name": "Creamy Coleslaw Dressing", "Size": "475 ml", "Size Label": "ea"}, {"Category": "Condiments & Sauces", "Aisle": "Pantry", "Sku": "20033620008_EA", "Regular Price": "1.99", "Sale Price": "0.95", "Image": "https://assets.shop.loblaws.ca/products/20033620008/b1/en/front/20033620008_front_a01_@2.png", "Brand": "St Hubert", "Url": "https://www.maxi.ca/sauce-beef-bourguignon/p/20033620008_EA", "Sub Category": null, "English Name": "Sauce, Beef Bourguignon", "Size": "35 g", "Size Label": "ea"}, {"Category": "Condiments & Sauces", "Aisle": "Pantry", "Sku": "20300260001_EA", "Regular Price": "None", "Sale Price": "2.49", "Image": "https://assets.shop.loblaws.ca/products/20300260001/b1/en/front/20300260001_front_a01_@2.png", "Brand": "Fine Cuisine", "Url": "https://www.maxi.ca/sauce-lemon-dill/p/20300260001_EA", "Sub Category": null, "English Name": "Sauce, Lemon & Dill", "Size": "48 g", "Size Label": "ea"}, {"Category": "Condiments & Sauces", "Aisle": "Pantry", "Sku": "20763549_EA", "Regular Price": "None", "Sale Price": "3.99", "Image": "https://assets.shop.loblaws.ca/products/20763549/b1/en/front/20763549_front_a01_@2.png", "Brand": "Et Tu", "Url": "https://www.maxi.ca/salad-kits-caesar-original/p/20763549_EA", "Sub Category": null, "English Name": "Salad Kits, Caesar Original", "Size": "132 g", "Size Label": "ea"}, {"Category": "Condiments & Sauces", "Aisle": "Pantry", "Sku": "20033620003_EA", "Regular Price": "1.99", "Sale Price": "0.95", "Image": "https://assets.shop.loblaws.ca/products/20033620003/b1/en/front/20033620003_front_a01_@2.png", "Brand": "St Hubert", "Url": "https://www.maxi.ca/ragout-sauce-mix/p/20033620003_EA", "Sub Category": null, "English Name": "Ragout Sauce Mix", "Size": "50 g", "Size Label": "ea"}, {"Category": "Condiments & Sauces", "Aisle": "Pantry", "Sku": "20598248003_EA", "Regular Price": "None", "Sale Price": "1.50", "Image": "https://assets.shop.loblaws.ca/products/20598248003/b1/en/front/20598248003_front_a01_@2.png", "Brand": "Club House", "Url": "https://www.maxi.ca/marinade-mix-meat/p/20598248003_EA", "Sub Category": null, "English Name": "Marinade Mix, Meat", "Size": "32 g", "Size Label": "ea"}, {"Category": "Condiments & Sauces", "Aisle": "Pantry", "Sku": "20597697001_EA", "Regular Price": "1.99", "Sale Price": "0.95", "Image": "https://assets.shop.loblaws.ca/products/20597697001/b1/en/front/20597697001_front_a01_@2.png", "Brand": "St Hubert", "Url": "https://www.maxi.ca/reduced-salt-less-salt-sauce-three-peppercorn/p/20597697001_EA", "Sub Category": null, "English Name": "Reduced Salt Less Salt Sauce, Three Peppercorn", "Size": "27 g", "Size Label": "ea"}, {"Category": "Condiments & Sauces", "Aisle": "Pantry", "Sku": "21432850_EA", "Regular Price": "None", "Sale Price": "3.99", "Image": "https://assets.shop.loblaws.ca/products/21432850/b1/en/front/21432850_front_a01_@2.png", "Brand": "Frenchs", "Url": "https://www.maxi.ca/creamy-honey-chipotle-mustard-spread/p/21432850_EA", "Sub Category": null, "English Name": "Creamy Honey Chipotle Mustard Spread", "Size": "325 ml", "Size Label": "ea"}, {"Category": "Condiments & Sauces", "Aisle": "Pantry", "Sku": "20762350_EA", "Regular Price": "None", "Sale Price": "5.29", "Image": "https://assets.shop.loblaws.ca/products/20762350/b1/en/front/20762350_front_a01_@2.png", "Brand": "Heinz", "Url": "https://www.maxi.ca/tomato-ketchup-no-sugar-added/p/20762350_EA", "Sub Category": null, "English Name": "Tomato Ketchup No Sugar Added", "Size": "750 ml", "Size Label": "ea"}, {"Category": "Condiments & Sauces", "Aisle": "Pantry", "Sku": "20554765_EA", "Regular Price": "None", "Sale Price": "2.79", "Image": "https://assets.shop.loblaws.ca/products/20554765/b1/en/front/20554765_front_a01_@2.png", "Brand": "President's Choice", "Url": "https://www.maxi.ca/dijon-mustard/p/20554765_EA", "Sub Category": null, "English Name": "Dijon Mustard", "Size": "250 ml", "Size Label": "ea"}, {"Category": "Condiments & Sauces", "Aisle": "Pantry", "Sku": "20558780001_EA", "Regular Price": "None", "Sale Price": "5.49", "Image": "https://assets.shop.loblaws.ca/products/20558780001/b1/en/front/20558780001_front_a01_@2.png", "Brand": "President's Choice", "Url": "https://www.maxi.ca/garlic-herb-marinade/p/20558780001_EA", "Sub Category": null, "English Name": "Garlic & Herb Marinade", "Size": "375 ml", "Size Label": "ea"}, {"Category": "Condiments & Sauces", "Aisle": "Pantry", "Sku": "20864314_EA", "Regular Price": "None", "Sale Price": "3.49", "Image": "https://assets.shop.loblaws.ca/products/20864314/b1/en/front/20864314_front_a01_@2.png", "Brand": "President's Choice", "Url": "https://www.maxi.ca/chipotle-ranch-dressing/p/20864314_EA", "Sub Category": null, "English Name": "Chipotle Ranch Dressing", "Size": "475 ml", "Size Label": "ea"}, {"Category": "Condiments & Sauces", "Aisle": "Pantry", "Sku": "20033620010_EA", "Regular Price": "1.99", "Sale Price": "0.95", "Image": "https://assets.shop.loblaws.ca/products/20033620010/b1/en/front/20033620010_front_a01_@2.png", "Brand": "St Hubert", "Url": "https://www.maxi.ca/reduced-salt-sauce-mix-3-peppercorn/p/20033620010_EA", "Sub Category": null, "English Name": "Reduced Salt Sauce Mix, 3 Peppercorn", "Size": "30 g", "Size Label": "ea"}, {"Category": "Condiments & Sauces", "Aisle": "Pantry", "Sku": "20032602002_EA", "Regular Price": "8.29", "Sale Price": "7.79", "Image": "https://assets.shop.loblaws.ca/products/20032602002/b1/en/front/20032602002_front_a01_@2.png", "Brand": "Maille", "Url": "https://www.maxi.ca/old-style-mustard/p/20032602002_EA", "Sub Category": null, "English Name": "Old Style Mustard", "Size": "500 ml", "Size Label": "ea"}, {"Category": "Condiments & Sauces", "Aisle": "Pantry", "Sku": "20627339001_EA", "Regular Price": "None", "Sale Price": "6.49", "Image": "https://assets.shop.loblaws.ca/products/20627339001/b1/en/front/20627339001_front_a01_@2.png", "Brand": "Hellmanns", "Url": "https://www.maxi.ca/mayonnaise-type-dressing-light-with-olive-oil/p/20627339001_EA", "Sub Category": null, "English Name": "Mayonnaise Type Dressing  Light\u00a0With\u00a0Olive\u00a0Oil", "Size": "890 ml", "Size Label": "ea"}, {"Category": "Condiments & Sauces", "Aisle": "Pantry", "Sku": "20161416_EA", "Regular Price": "None", "Sale Price": "8.99", "Image": "https://assets.shop.loblaws.ca/products/20161416/b1/en/front/20161416_front_a01_@2.png", "Brand": "Renees", "Url": "https://www.maxi.ca/light-caesar-dressing/p/20161416_EA", "Sub Category": null, "English Name": "Light Caesar Dressing", "Size": "750 ml", "Size Label": "ea"}, {"Category": "Condiments & Sauces", "Aisle": "Pantry", "Sku": "20307866006_EA", "Regular Price": "None", "Sale Price": "2.69", "Image": "https://assets.shop.loblaws.ca/products/20307866006/b1/en/front/20307866006_front_a01_@2.png", "Brand": "Knorr", "Url": "https://www.maxi.ca/classic-roast-gravy-mix-brown/p/20307866006_EA", "Sub Category": null, "English Name": "Classic Roast Gravy Mix Brown", "Size": "30 g", "Size Label": "ea"}, {"Category": "Condiments & Sauces", "Aisle": "Pantry", "Sku": "20627619003_EA", "Regular Price": "None", "Sale Price": "2.49", "Image": "https://assets.shop.loblaws.ca/products/20627619003/b1/en/front/20627619003_front_a01_@2.png", "Brand": "Kraft", "Url": "https://www.maxi.ca/bbq-sauce-with-garlic/p/20627619003_EA", "Sub Category": null, "English Name": "BBQ Sauce with Garlic", "Size": "455 ml", "Size Label": "ea"}, {"Category": "Condiments & Sauces", "Aisle": "Pantry", "Sku": "21184616_EA", "Regular Price": "None", "Sale Price": "3.29", "Image": "https://assets.shop.loblaws.ca/products/21184616/b1/en/front/21184616_front_a01_@2.png", "Brand": "Diana", "Url": "https://www.maxi.ca/sauce-western-smokehouse/p/21184616_EA", "Sub Category": null, "English Name": "Sauce Western Smokehouse", "Size": "500 ml", "Size Label": "ea"}, {"Category": "Condiments & Sauces", "Aisle": "Pantry", "Sku": "21517948_EA", "Regular Price": "None", "Sale Price": "5.29", "Image": "https://assets.shop.loblaws.ca/products/21517948/b1/en/front/21517948_front_a01_@2.png", "Brand": "Franks", "Url": "https://www.maxi.ca/redhot-thick-sauce-garlic-parmesan/p/21517948_EA", "Sub Category": null, "English Name": "Redhot Thick Sauce Garlic Parmesan", "Size": "354 ml", "Size Label": "ea"}, {"Category": "Condiments & Sauces", "Aisle": "Pantry", "Sku": "21184618_EA", "Regular Price": "None", "Sale Price": "3.29", "Image": "https://assets.shop.loblaws.ca/products/21184618/b1/en/front/21184618_front_a01_@2.png", "Brand": "Diana", "Url": "https://www.maxi.ca/sauce-rib-chicken/p/21184618_EA", "Sub Category": null, "English Name": "Sauce Rib & Chicken", "Size": "500 ml", "Size Label": "ea"}, {"Category": "Condiments & Sauces", "Aisle": "Pantry", "Sku": "21406057_EA", "Regular Price": "None", "Sale Price": "5.79", "Image": "https://assets.shop.loblaws.ca/products/21406057/b1/en/front/21406057_front_a01_@2.png", "Brand": "PC Black Label", "Url": "https://www.maxi.ca/sweet-barbecue-sauce/p/21406057_EA", "Sub Category": null, "English Name": "Sweet Barbecue Sauce", "Size": "350 ml", "Size Label": "ea"}, {"Category": "Condiments & Sauces", "Aisle": "Pantry", "Sku": "20217180002_EA", "Regular Price": "None", "Sale Price": "5.29", "Image": "https://assets.shop.loblaws.ca/products/20217180002/b1/en/front/20217180002_front_a01_@2.png", "Brand": "Pataks", "Url": "https://www.maxi.ca/butter-chicken-cooking-sauce/p/20217180002_EA", "Sub Category": null, "English Name": "Butter Chicken Cooking Sauce", "Size": "400 ml", "Size Label": "ea"}, {"Category": "Condiments & Sauces", "Aisle": "Pantry", "Sku": "20302105003_EA", "Regular Price": "None", "Sale Price": "5.00", "Image": "https://assets.shop.loblaws.ca/products/20302105003/b1/en/front/20302105003_front_a01_@2.png", "Brand": "Loney's", "Url": "https://www.maxi.ca/hot-chicken-sauce-mix/p/20302105003_EA", "Sub Category": null, "English Name": "Hot Chicken Sauce Mix", "Size": "400 g", "Size Label": "ea"}, {"Category": "Condiments & Sauces", "Aisle": "Pantry", "Sku": "20037570_EA", "Regular Price": "3.79", "Sale Price": "3.00", "Image": "https://assets.shop.loblaws.ca/products/20037570/b1/en/front/20037570_front_a01_@2.png", "Brand": "Mcilhenny Co.", "Url": "https://www.maxi.ca/tabasco-hot-sauce/p/20037570_EA", "Sub Category": null, "English Name": "Tabasco Hot Sauce", "Size": "57 ml", "Size Label": "ea"}, {"Category": "Condiments & Sauces", "Aisle": "Pantry", "Sku": "20309693006_EA", "Regular Price": "None", "Sale Price": "2.99", "Image": "https://assets.shop.loblaws.ca/products/20309693006/b1/en/front/20309693006_front_a01_@2.png", "Brand": "VH", "Url": "https://www.maxi.ca/marinade-pineapple-sauce/p/20309693006_EA", "Sub Category": null, "English Name": "Marinade -  Pineapple Sauce", "Size": "341 ml", "Size Label": "ea"}, {"Category": "Condiments & Sauces", "Aisle": "Pantry", "Sku": "21363776_EA", "Regular Price": "None", "Sale Price": "5.49", "Image": "https://assets.shop.loblaws.ca/products/21363776/b1/en/front/21363776_front_a01_@2.png", "Brand": "St Hubert", "Url": "https://www.maxi.ca/sauce-piri-piri/p/21363776_EA", "Sub Category": null, "English Name": "Sauce Piri Piri", "Size": "350 ml", "Size Label": "ea"}, {"Category": "Condiments & Sauces", "Aisle": "Pantry", "Sku": "20627701003_EA", "Regular Price": "None", "Sale Price": "3.79", "Image": "https://assets.shop.loblaws.ca/products/20627701003/b1/en/front/20627701003_front_a01_@2.png", "Brand": "Kraft", "Url": "https://www.maxi.ca/sun-dried-tomato-and-oregano-salad-dressing-calori/p/20627701003_EA", "Sub Category": null, "English Name": "Sun Dried Tomato and Oregano Salad Dressing, Calorie Wise", "Size": "475 ml", "Size Label": "ea"}, {"Category": "Condiments & Sauces", "Aisle": "Pantry", "Sku": "20695762002_EA", "Regular Price": "None", "Sale Price": "1.50", "Image": "https://assets.shop.loblaws.ca/products/20695762002/b1/en/front/20695762002_front_a01_@2.png", "Brand": "Club House", "Url": "https://www.maxi.ca/dry-sauce-mix-brown-gravy-gluten-free/p/20695762002_EA", "Sub Category": null, "English Name": "Dry Sauce Mix, Brown Gravy, Gluten-Free", "Size": "25 g", "Size Label": "ea"}, {"Category": "Condiments & Sauces", "Aisle": "Pantry", "Sku": "20056405001_EA", "Regular Price": "None", "Sale Price": "2.79", "Image": "https://assets.shop.loblaws.ca/products/20056405001/b1/en/front/20056405001_front_a01_@2.png", "Brand": "Frenchs", "Url": "https://www.maxi.ca/honey-mustard/p/20056405001_EA", "Sub Category": null, "English Name": "Honey Mustard", "Size": "325 ml", "Size Label": "ea"}, {"Category": "Condiments & Sauces", "Aisle": "Pantry", "Sku": "20323393001_EA", "Regular Price": "None", "Sale Price": "3.49", "Image": "https://assets.shop.loblaws.ca/products/20323393001/b1/en/front/20323393001_front_a01_@2.png", "Brand": "President's Choice", "Url": "https://www.maxi.ca/creamy-cucumber-dressing/p/20323393001_EA", "Sub Category": null, "English Name": "Creamy Cucumber Dressing", "Size": "475 ml", "Size Label": "ea"}, {"Category": "Condiments & Sauces", "Aisle": "Pantry", "Sku": "20597697002_EA", "Regular Price": "1.99", "Sale Price": "0.95", "Image": "https://assets.shop.loblaws.ca/products/20597697002/b1/en/front/20597697002_front_a01_@2.png", "Brand": "St Hubert", "Url": "https://www.maxi.ca/reduced-salt-poutine-gravy-mix/p/20597697002_EA", "Sub Category": null, "English Name": "Reduced Salt Poutine Gravy Mix", "Size": "52 g", "Size Label": "ea"}, {"Category": "Condiments & Sauces", "Aisle": "Pantry", "Sku": "20314768001_EA", "Regular Price": "None", "Sale Price": "4.49", "Image": "https://assets.shop.loblaws.ca/products/20314768001/b1/en/front/20314768001_front_a01_@2.png", "Brand": "Concord", "Url": "https://www.maxi.ca/roasted-potato-seasoning-mix/p/20314768001_EA", "Sub Category": null, "English Name": "Roasted Potato Seasoning Mix", "Size": "35 g", "Size Label": "ea"}, {"Category": "Condiments & Sauces", "Aisle": "Pantry", "Sku": "20628297007_EA", "Regular Price": "None", "Sale Price": "3.79", "Image": "https://assets.shop.loblaws.ca/products/20628297007/b1/en/front/20628297007_front_a01_@2.png", "Brand": "Kraft", "Url": "https://www.maxi.ca/golden-italian-dressing/p/20628297007_EA", "Sub Category": null, "English Name": "Golden Italian Dressing", "Size": "475 ml", "Size Label": "ea"}, {"Category": "Condiments & Sauces", "Aisle": "Pantry", "Sku": "20302416005_EA", "Regular Price": "None", "Sale Price": "3.00", "Image": "https://assets.shop.loblaws.ca/products/20302416005/b1/en/front/20302416005_front_a01_@2.png", "Brand": "Canton", "Url": "https://www.maxi.ca/the-original-fondue-and-dipping-sauce/p/20302416005_EA", "Sub Category": null, "English Name": "The Original Fondue and Dipping Sauce", "Size": "180 ml", "Size Label": "ea"}, {"Category": "Condiments & Sauces", "Aisle": "Pantry", "Sku": "20320456001_EA", "Regular Price": "None", "Sale Price": "3.79", "Image": "https://assets.shop.loblaws.ca/products/20320456001/b1/en/front/20320456001_front_a01_@2.png", "Brand": "President's Choice", "Url": "https://www.maxi.ca/roasted-garlic-mayo-sandwich-spread/p/20320456001_EA", "Sub Category": null, "English Name": "Roasted Garlic Mayo Sandwich Spread", "Size": "300 ml", "Size Label": "ea"}, {"Category": "Condiments & Sauces", "Aisle": "Pantry", "Sku": "20627613002_EA", "Regular Price": "None", "Sale Price": "3.79", "Image": "https://assets.shop.loblaws.ca/products/20627613002/b1/en/front/20627613002_front_a01_@2.png", "Brand": "Kraft", "Url": "https://www.maxi.ca/fat-free-italian-salad-dressing/p/20627613002_EA", "Sub Category": null, "English Name": "Fat Free Italian Salad Dressing", "Size": "475 ml", "Size Label": "ea"}, {"Category": "Condiments & Sauces", "Aisle": "Pantry", "Sku": "20628489005_EA", "Regular Price": "None", "Sale Price": "2.79", "Image": "https://assets.shop.loblaws.ca/products/20628489005/b1/en/front/20628489005_front_a01_@2.png", "Brand": "No Name", "Url": "https://www.maxi.ca/thousand-island-dressing/p/20628489005_EA", "Sub Category": null, "English Name": "Thousand Island Dressing", "Size": "475 ml", "Size Label": "ea"}, {"Category": "Condiments & Sauces", "Aisle": "Pantry", "Sku": "20591677003_EA", "Regular Price": "2.29", "Sale Price": "1.99", "Image": "https://assets.shop.loblaws.ca/products/20591677003/b1/en/front/20591677003_front_a01_@2.png", "Brand": "Blue Dragon", "Url": "https://www.maxi.ca/sweet-sour-stir-fry-sauce/p/20591677003_EA", "Sub Category": null, "English Name": "Sweet & Sour Stir Fry Sauce", "Size": "140 ml", "Size Label": "ea"}, {"Category": "Condiments & Sauces", "Aisle": "Pantry", "Sku": "21004938_EA", "Regular Price": "None", "Sale Price": "7.29", "Image": "https://assets.shop.loblaws.ca/products/21004938/b1/en/front/21004938_front_a01_@2.png", "Brand": "Nando's", "Url": "https://www.maxi.ca/peri-peri-sauce-medium/p/21004938_EA", "Sub Category": null, "English Name": "Peri Peri Sauce, Medium", "Size": "250 ml", "Size Label": "ea"}, {"Category": "Condiments & Sauces", "Aisle": "Pantry", "Sku": "20628485002_EA", "Regular Price": "None", "Sale Price": "6.49", "Image": "https://assets.shop.loblaws.ca/products/20628485002/b1/en/front/20628485002_front_a01_@2.png", "Brand": "Hellmanns", "Url": "https://www.maxi.ca/mayonnaise-condiment-real-gluten-free-and-kosher/p/20628485002_EA", "Sub Category": null, "English Name": "Mayonnaise condiment Real gluten-free and kosher", "Size": "750 ml", "Size Label": "ea"}, {"Category": "Condiments & Sauces", "Aisle": "Pantry", "Sku": "21531581_EA", "Regular Price": "None", "Sale Price": "6.99", "Image": "https://assets.shop.loblaws.ca/products/21531581/b1/en/front/21531581_front_a01_@2.png", "Brand": "President's Choice", "Url": "https://www.maxi.ca/plant-based-mayo-style-spread/p/21531581_EA", "Sub Category": null, "English Name": "Plant Based Mayo Style Spread", "Size": "685 ml", "Size Label": "ea"}, {"Category": "Condiments & Sauces", "Aisle": "Pantry", "Sku": "20323323001_EA", "Regular Price": "None", "Sale Price": "2.69", "Image": "https://assets.shop.loblaws.ca/products/20323323001/b1/en/front/20323323001_front_a01_@2.png", "Brand": "Knorr", "Url": "https://www.maxi.ca/pasta-sauce-mix-alfredo-no-artificial-flavours/p/20323323001_EA", "Sub Category": null, "English Name": "Pasta Sauce Mix Alfredo no artificial flavours", "Size": "37 g", "Size Label": "ea"}, {"Category": "Condiments & Sauces", "Aisle": "Pantry", "Sku": "20320456001_EA", "Regular Price": "None", "Sale Price": "3.79", "Image": "https://assets.shop.loblaws.ca/products/20320456001/b1/en/front/20320456001_front_a01_@2.png", "Brand": "President's Choice", "Url": "https://www.maxi.ca/roasted-garlic-mayo-sandwich-spread/p/20320456001_EA", "Sub Category": null, "English Name": "Roasted Garlic Mayo Sandwich Spread", "Size": "300 ml", "Size Label": "ea"}, {"Category": "Condiments & Sauces", "Aisle": "Pantry", "Sku": "20627333002_EA", "Regular Price": "None", "Sale Price": "3.79", "Image": "https://assets.shop.loblaws.ca/products/20627333002/b1/en/front/20627333002_front_a01_@2.png", "Brand": "Kraft", "Url": "https://www.maxi.ca/balsamic-vinaigrette/p/20627333002_EA", "Sub Category": null, "English Name": "Balsamic Vinaigrette", "Size": "475 ml", "Size Label": "ea"}, {"Category": "Condiments & Sauces", "Aisle": "Pantry", "Sku": "20616539001_EA", "Regular Price": "None", "Sale Price": "5.00", "Image": "https://assets.shop.loblaws.ca/products/20616539001/b1/en/front/20616539001_front_a01_@2.png", "Brand": "Canton", "Url": "https://www.maxi.ca/beef-onion-broth-for-fondue-and-cooking/p/20616539001_EA", "Sub Category": null, "English Name": "Beef-Onion Broth for Fondue and Cooking", "Size": "1.1 l", "Size Label": "ea"}, {"Category": "Condiments & Sauces", "Aisle": "Pantry", "Sku": "21455731_EA", "Regular Price": "None", "Sale Price": "2.50", "Image": "https://assets.shop.loblaws.ca/products/21455731/b1/en/front/21455731_front_a01_@2.png", "Brand": "Grissol", "Url": "https://www.maxi.ca/boulangerie-grissol-restaurant-style-croutons-caes/p/21455731_EA", "Sub Category": null, "English Name": "Boulangerie Grissol Restaurant Style Croutons Caesar", "Size": "135 g", "Size Label": "ea"}, {"Category": "Condiments & Sauces", "Aisle": "Pantry", "Sku": "20591677003_EA", "Regular Price": "2.29", "Sale Price": "1.99", "Image": "https://assets.shop.loblaws.ca/products/20591677003/b1/en/front/20591677003_front_a01_@2.png", "Brand": "Blue Dragon", "Url": "https://www.maxi.ca/sweet-sour-stir-fry-sauce/p/20591677003_EA", "Sub Category": null, "English Name": "Sweet & Sour Stir Fry Sauce", "Size": "140 ml", "Size Label": "ea"}, {"Category": "Condiments & Sauces", "Aisle": "Pantry", "Sku": "21004938_EA", "Regular Price": "None", "Sale Price": "7.29", "Image": "https://assets.shop.loblaws.ca/products/21004938/b1/en/front/21004938_front_a01_@2.png", "Brand": "Nando's", "Url": "https://www.maxi.ca/peri-peri-sauce-medium/p/21004938_EA", "Sub Category": null, "English Name": "Peri Peri Sauce, Medium", "Size": "250 ml", "Size Label": "ea"}, {"Category": "Condiments & Sauces", "Aisle": "Pantry", "Sku": "20628485002_EA", "Regular Price": "None", "Sale Price": "6.49", "Image": "https://assets.shop.loblaws.ca/products/20628485002/b1/en/front/20628485002_front_a01_@2.png", "Brand": "Hellmanns", "Url": "https://www.maxi.ca/mayonnaise-condiment-real-gluten-free-and-kosher/p/20628485002_EA", "Sub Category": null, "English Name": "Mayonnaise condiment Real gluten-free and kosher", "Size": "750 ml", "Size Label": "ea"}, {"Category": "Condiments & Sauces", "Aisle": "Pantry", "Sku": "20323323001_EA", "Regular Price": "None", "Sale Price": "2.69", "Image": "https://assets.shop.loblaws.ca/products/20323323001/b1/en/front/20323323001_front_a01_@2.png", "Brand": "Knorr", "Url": "https://www.maxi.ca/pasta-sauce-mix-alfredo-no-artificial-flavours/p/20323323001_EA", "Sub Category": null, "English Name": "Pasta Sauce Mix Alfredo no artificial flavours", "Size": "37 g", "Size Label": "ea"}, {"Category": "Condiments & Sauces", "Aisle": "Pantry", "Sku": "20627613002_EA", "Regular Price": "None", "Sale Price": "3.79", "Image": "https://assets.shop.loblaws.ca/products/20627613002/b1/en/front/20627613002_front_a01_@2.png", "Brand": "Kraft", "Url": "https://www.maxi.ca/fat-free-italian-salad-dressing/p/20627613002_EA", "Sub Category": null, "English Name": "Fat Free Italian Salad Dressing", "Size": "475 ml", "Size Label": "ea"}, {"Category": "Condiments & Sauces", "Aisle": "Pantry", "Sku": "20628489005_EA", "Regular Price": "None", "Sale Price": "2.79", "Image": "https://assets.shop.loblaws.ca/products/20628489005/b1/en/front/20628489005_front_a01_@2.png", "Brand": "No Name", "Url": "https://www.maxi.ca/thousand-island-dressing/p/20628489005_EA", "Sub Category": null, "English Name": "Thousand Island Dressing", "Size": "475 ml", "Size Label": "ea"}, {"Category": "Condiments & Sauces", "Aisle": "Pantry", "Sku": "20302105003_EA", "Regular Price": "None", "Sale Price": "5.00", "Image": "https://assets.shop.loblaws.ca/products/20302105003/b1/en/front/20302105003_front_a01_@2.png", "Brand": "Loney's", "Url": "https://www.maxi.ca/hot-chicken-sauce-mix/p/20302105003_EA", "Sub Category": null, "English Name": "Hot Chicken Sauce Mix", "Size": "400 g", "Size Label": "ea"}, {"Category": "Condiments & Sauces", "Aisle": "Pantry", "Sku": "20075022_EA", "Regular Price": "None", "Sale Price": "4.99", "Image": "https://assets.shop.loblaws.ca/products/20075022/b1/en/front/20075022_front_a01_@2.png", "Brand": "President's Choice", "Url": "https://www.maxi.ca/pad-tha-cooking-sauce/p/20075022_EA", "Sub Category": null, "English Name": "Pad Tha\u00ef Cooking Sauce", "Size": "400 ml", "Size Label": "ea"}, {"Category": "Condiments & Sauces", "Aisle": "Pantry", "Sku": "20306818001_EA", "Regular Price": "None", "Sale Price": "5.29", "Image": "https://assets.shop.loblaws.ca/products/20306818001/b1/en/front/20306818001_front_a01_@2.png", "Brand": "Pataks", "Url": "https://www.maxi.ca/tikka-masala-cooking-sauce/p/20306818001_EA", "Sub Category": null, "English Name": "Tikka Masala Cooking Sauce", "Size": "400 ml", "Size Label": "ea"}, {"Category": "Condiments & Sauces", "Aisle": "Pantry", "Sku": "20618892_EA", "Regular Price": "None", "Sale Price": "5.99", "Image": "https://assets.shop.loblaws.ca/products/20618892/b1/en/front/20618892_front_a01_@2.png", "Brand": "President's Choice", "Url": "https://www.maxi.ca/mayonnaise/p/20618892_EA", "Sub Category": null, "English Name": "Mayonnaise", "Size": "890 ml", "Size Label": "ea"}, {"Category": "Condiments & Sauces", "Aisle": "Pantry", "Sku": "21531581_EA", "Regular Price": "None", "Sale Price": "6.99", "Image": "https://assets.shop.loblaws.ca/products/21531581/b1/en/front/21531581_front_a01_@2.png", "Brand": "President's Choice", "Url": "https://www.maxi.ca/plant-based-mayo-style-spread/p/21531581_EA", "Sub Category": null, "English Name": "Plant Based Mayo Style Spread", "Size": "685 ml", "Size Label": "ea"}, {"Category": "Condiments & Sauces", "Aisle": "Pantry", "Sku": "21406057_EA", "Regular Price": "None", "Sale Price": "5.79", "Image": "https://assets.shop.loblaws.ca/products/21406057/b1/en/front/21406057_front_a01_@2.png", "Brand": "PC Black Label", "Url": "https://www.maxi.ca/sweet-barbecue-sauce/p/21406057_EA", "Sub Category": null, "English Name": "Sweet Barbecue Sauce", "Size": "350 ml", "Size Label": "ea"}, {"Category": "Condiments & Sauces", "Aisle": "Pantry", "Sku": "20217180002_EA", "Regular Price": "None", "Sale Price": "5.29", "Image": "https://assets.shop.loblaws.ca/products/20217180002/b1/en/front/20217180002_front_a01_@2.png", "Brand": "Pataks", "Url": "https://www.maxi.ca/butter-chicken-cooking-sauce/p/20217180002_EA", "Sub Category": null, "English Name": "Butter Chicken Cooking Sauce", "Size": "400 ml", "Size Label": "ea"}, {"Category": "Condiments & Sauces", "Aisle": "Pantry", "Sku": "21378145_EA", "Regular Price": "None", "Sale Price": "4.99", "Image": "https://assets.shop.loblaws.ca/products/21378145/b1/en/front/21378145_front_a01_@2.png", "Brand": "President's Choice", "Url": "https://www.maxi.ca/loads-of-garlic-caesar-dressing/p/21378145_EA", "Sub Category": null, "English Name": "Loads Of Garlic Caesar Dressing", "Size": "355 ml", "Size Label": "ea"}, {"Category": "Condiments & Sauces", "Aisle": "Pantry", "Sku": "21333732_EA", "Regular Price": "None", "Sale Price": "4.99", "Image": "https://assets.shop.loblaws.ca/products/21333732/b1/en/front/21333732_front_a01_@2.png", "Brand": "President's Choice", "Url": "https://www.maxi.ca/greek-dressing/p/21333732_EA", "Sub Category": null, "English Name": "Greek Dressing", "Size": "355 ml", "Size Label": "ea"}, {"Category": "Condiments & Sauces", "Aisle": "Pantry", "Sku": "20300994_EA", "Regular Price": "None", "Sale Price": "5.99", "Image": "https://assets.shop.loblaws.ca/products/20300994/b1/en/front/20300994_front_a01_@2.png", "Brand": "Renees", "Url": "https://www.maxi.ca/asian-sesame-vinaigrette-salad-dressing/p/20300994_EA", "Sub Category": null, "English Name": "Asian Sesame Vinaigrette Salad Dressing", "Size": "350 ml", "Size Label": "ea"}, {"Category": "Oils & Vinegar", "Aisle": "Pantry", "Sku": "20102756_EA", "Regular Price": "None", "Sale Price": "2.29", "Image": "https://assets.shop.loblaws.ca/products/20102756/b1/en/front/20102756_front_a01_@2.png", "Brand": "No Name", "Url": "https://www.maxi.ca/pure-white-vinegar/p/20102756_EA", "Sub Category": null, "English Name": "Pure White Vinegar ", "Size": "4 l", "Size Label": "ea"}, {"Category": "Oils & Vinegar", "Aisle": "Pantry", "Sku": "20098102_EA", "Regular Price": "None", "Sale Price": "11.99", "Image": "https://assets.shop.loblaws.ca/products/20098102/b1/en/front/20098102_front_a01_@2.png", "Brand": "Unico", "Url": "https://www.maxi.ca/vegetable-oil/p/20098102_EA", "Sub Category": null, "English Name": "Vegetable Oil     ", "Size": "3 l", "Size Label": "ea"}, {"Category": "Oils & Vinegar", "Aisle": "Pantry", "Sku": "20028656_EA", "Regular Price": "9.99", "Sale Price": "8.99", "Image": "https://assets.shop.loblaws.ca/products/20028656/b1/en/front/20028656_front_a01_@2.png", "Brand": "No Name", "Url": "https://www.maxi.ca/100-pure-canola-oil/p/20028656_EA", "Sub Category": null, "English Name": "100% Pure Canola Oil", "Size": "3 l", "Size Label": "ea"}, {"Category": "Oils & Vinegar", "Aisle": "Pantry", "Sku": "20081865_EA", "Regular Price": "None", "Sale Price": "12.99", "Image": "https://assets.shop.loblaws.ca/products/20081865/b1/en/front/20081865_front_a01_@2.png", "Brand": "PC Splendido", "Url": "https://www.maxi.ca/cold-extracted-extra-virgin-olive-oil/p/20081865_EA", "Sub Category": null, "English Name": "Cold-Extracted Extra Virgin Olive Oil", "Size": "1 l", "Size Label": "ea"}, {"Category": "Oils & Vinegar", "Aisle": "Pantry", "Sku": "20105368_EA", "Regular Price": "None", "Sale Price": "10.99", "Image": "https://assets.shop.loblaws.ca/products/20105368/b1/en/front/20105368_front_a01_@2.png", "Brand": "Gallo", "Url": "https://www.maxi.ca/extra-virgin-olive-oil/p/20105368_EA", "Sub Category": null, "English Name": "Extra Virgin Olive Oil", "Size": "1 l", "Size Label": "ea"}, {"Category": "Oils & Vinegar", "Aisle": "Pantry", "Sku": "20047715_EA", "Regular Price": "None", "Sale Price": "7.99", "Image": "https://assets.shop.loblaws.ca/products/20047715/b1/en/front/20047715_front_a01_@2.png", "Brand": "No Name", "Url": "https://www.maxi.ca/100-extra-virgin-olive-oil/p/20047715_EA", "Sub Category": null, "English Name": "100% Extra Virgin Olive Oil", "Size": "750 ml", "Size Label": "ea"}, {"Category": "Oils & Vinegar", "Aisle": "Pantry", "Sku": "20178204001_EA", "Regular Price": "None", "Sale Price": "6.29", "Image": "https://assets.shop.loblaws.ca/products/20178204001/b1/en/front/20178204001_front_a01_@2.png", "Brand": "Pam", "Url": "https://www.maxi.ca/cooking-spray/p/20178204001_EA", "Sub Category": null, "English Name": "Cooking Spray", "Size": "170 g", "Size Label": "ea"}, {"Category": "Oils & Vinegar", "Aisle": "Pantry", "Sku": "20768660_EA", "Regular Price": "None", "Sale Price": "5.49", "Image": "https://assets.shop.loblaws.ca/products/20768660/b1/en/front/20768660_front_a01_@2.png", "Brand": "No Name", "Url": "https://www.maxi.ca/100-pure-vegetable-oil/p/20768660_EA", "Sub Category": null, "English Name": "100% Pure Vegetable Oil", "Size": "946 ml", "Size Label": "ea"}, {"Category": "Oils & Vinegar", "Aisle": "Pantry", "Sku": "20051787_EA", "Regular Price": "None", "Sale Price": "1.79", "Image": "https://assets.shop.loblaws.ca/products/20051787/b1/en/front/20051787_front_a01_@2.png", "Brand": "No Name", "Url": "https://www.maxi.ca/apple-cider-vinegar/p/20051787_EA", "Sub Category": null, "English Name": "Apple Cider Vinegar", "Size": "500 ml", "Size Label": "ea"}, {"Category": "Oils & Vinegar", "Aisle": "Pantry", "Sku": "20060473_EA", "Regular Price": "None", "Sale Price": "1.29", "Image": "https://assets.shop.loblaws.ca/products/20060473/b1/en/front/20060473_front_a01_@2.png", "Brand": "No Name", "Url": "https://www.maxi.ca/pure-white-vinegar/p/20060473_EA", "Sub Category": null, "English Name": "Pure White Vinegar", "Size": "1 l", "Size Label": "ea"}, {"Category": "Oils & Vinegar", "Aisle": "Pantry", "Sku": "20187332_EA", "Regular Price": "None", "Sale Price": "3.00", "Image": "https://assets.shop.loblaws.ca/products/20187332/b1/en/front/20187332_front_a01_@2.png", "Brand": "President's Choice", "Url": "https://www.maxi.ca/pure-sesame-oil/p/20187332_EA", "Sub Category": null, "English Name": "Pure Sesame Oil", "Size": "185 ml", "Size Label": "ea"}, {"Category": "Oils & Vinegar", "Aisle": "Pantry", "Sku": "20088990_EA", "Regular Price": "None", "Sale Price": "5.49", "Image": "https://assets.shop.loblaws.ca/products/20088990/b1/en/front/20088990_front_a01_@2.png", "Brand": "No Name", "Url": "https://www.maxi.ca/100-pure-canola-oil/p/20088990_EA", "Sub Category": null, "English Name": "100% Pure Canola Oil", "Size": "946 ml", "Size Label": "ea"}, {"Category": "Oils & Vinegar", "Aisle": "Pantry", "Sku": "20103390_EA", "Regular Price": "9.99", "Sale Price": "8.99", "Image": "https://assets.shop.loblaws.ca/products/20103390/b1/en/front/20103390_front_a01_@2.png", "Brand": "No Name", "Url": "https://www.maxi.ca/100-pure-vegetable-oil/p/20103390_EA", "Sub Category": null, "English Name": "100% Pure Vegetable Oil", "Size": "3 l", "Size Label": "ea"}, {"Category": "Oils & Vinegar", "Aisle": "Pantry", "Sku": "20160496002_EA", "Regular Price": "None", "Sale Price": "7.99", "Image": "https://assets.shop.loblaws.ca/products/20160496002/b1/en/front/20160496002_front_a01_@2.png", "Brand": "No Name", "Url": "https://www.maxi.ca/pure-olive-oil/p/20160496002_EA", "Sub Category": null, "English Name": "Pure Olive Oil", "Size": "750 ml", "Size Label": "ea"}, {"Category": "Oils & Vinegar", "Aisle": "Pantry", "Sku": "21466969_EA", "Regular Price": "None", "Sale Price": "2.29", "Image": "https://assets.shop.loblaws.ca/products/21466969/b1/en/front/21466969_front_a01_@2.png", "Brand": "No Name", "Url": "https://www.maxi.ca/apple-cider-vinegar/p/21466969_EA", "Sub Category": null, "English Name": "Apple Cider Vinegar", "Size": "1 l", "Size Label": "ea"}, {"Category": "Oils & Vinegar", "Aisle": "Pantry", "Sku": "21093990_EA", "Regular Price": "None", "Sale Price": "4.49", "Image": "https://assets.shop.loblaws.ca/products/21093990/b1/en/front/21093990_front_a01_@2.png", "Brand": "President's Choice", "Url": "https://www.maxi.ca/cold-pressed-extra-virgin-olive-oil-spray/p/21093990_EA", "Sub Category": null, "English Name": "Cold-Pressed Extra Virgin Olive Oil Spray", "Size": "155 ml", "Size Label": "ea"}, {"Category": "Oils & Vinegar", "Aisle": "Pantry", "Sku": "21401612_EA", "Regular Price": "None", "Sale Price": "12.99", "Image": "https://assets.shop.loblaws.ca/products/21401612/b1/en/front/21401612_front_a01_@2.png", "Brand": "PC Splendido", "Url": "https://www.maxi.ca/delicato-cold-extracted-extra-virgin-olive-oil/p/21401612_EA", "Sub Category": null, "English Name": "Delicato, Cold Extracted Extra Virgin Olive Oil  ", "Size": "1 l", "Size Label": "ea"}, {"Category": "Oils & Vinegar", "Aisle": "Pantry", "Sku": "20052442_EA", "Regular Price": "None", "Sale Price": "3.99", "Image": "https://assets.shop.loblaws.ca/products/20052442/b1/en/front/20052442_front_a01_@2.png", "Brand": "President's Choice", "Url": "https://www.maxi.ca/1-leaf-balsamic-vinegar-of-modena/p/20052442_EA", "Sub Category": null, "English Name": "1 Leaf Balsamic Vinegar of Modena", "Size": "500 ml", "Size Label": "ea"}, {"Category": "Oils & Vinegar", "Aisle": "Pantry", "Sku": "20127442_EA", "Regular Price": "None", "Sale Price": "4.29", "Image": "https://assets.shop.loblaws.ca/products/20127442/b1/en/front/20127442_front_a01_@2.png", "Brand": "President's Choice", "Url": "https://www.maxi.ca/seasoned-rice-vinegar/p/20127442_EA", "Sub Category": null, "English Name": "Seasoned Rice Vinegar", "Size": "500 ml", "Size Label": "ea"}, {"Category": "Oils & Vinegar", "Aisle": "Pantry", "Sku": "20729461_EA", "Regular Price": "None", "Sale Price": "14.99", "Image": "https://assets.shop.loblaws.ca/products/20729461/b1/en/front/20729461_front_a01_@2.png", "Brand": "Terra", "Url": "https://www.maxi.ca/delyssa-premium-extra-virgin-olive-oil/p/20729461_EA", "Sub Category": null, "English Name": "Delyssa Premium Extra Virgin Olive Oil", "Size": "1 l", "Size Label": "ea"}, {"Category": "Oils & Vinegar", "Aisle": "Pantry", "Sku": "20156182001_EA", "Regular Price": "15.99", "Sale Price": "11.49", "Image": "https://assets.shop.loblaws.ca/products/20156182001/b1/en/front/20156182001_front_a01_@2.png", "Brand": "Bertolli", "Url": "https://www.maxi.ca/rich-taste-extra-virgin-olive-oil/p/20156182001_EA", "Sub Category": null, "English Name": "Rich Taste-Extra Virgin Olive Oil", "Size": "1 l", "Size Label": "ea"}, {"Category": "Oils & Vinegar", "Aisle": "Pantry", "Sku": "20010471_EA", "Regular Price": "None", "Sale Price": "1.69", "Image": "https://assets.shop.loblaws.ca/products/20010471/b1/en/front/20010471_front_a01_@2.png", "Brand": "No Name", "Url": "https://www.maxi.ca/red-wine-vinegar/p/20010471_EA", "Sub Category": null, "English Name": "Red Wine Vinegar", "Size": "500 ml", "Size Label": "ea"}, {"Category": "Oils & Vinegar", "Aisle": "Pantry", "Sku": "20165080_EA", "Regular Price": "None", "Sale Price": "6.99", "Image": "https://assets.shop.loblaws.ca/products/20165080/b1/en/front/20165080_front_a01_@2.png", "Brand": "Lee Kum Kee", "Url": "https://www.maxi.ca/pure-sesame-oil/p/20165080_EA", "Sub Category": null, "English Name": "Pure Sesame Oil", "Size": "443 ml", "Size Label": "ea"}, {"Category": "Oils & Vinegar", "Aisle": "Pantry", "Sku": "20000207001_EA", "Regular Price": "15.99", "Sale Price": "11.49", "Image": "https://assets.shop.loblaws.ca/products/20000207001/b1/en/front/20000207001_front_a01_@2.png", "Brand": "Bertolli", "Url": "https://www.maxi.ca/extra-light-taste-olive-oil/p/20000207001_EA", "Sub Category": null, "English Name": "Extra Light Taste Olive Oil", "Size": "1 l", "Size Label": "ea"}, {"Category": "Oils & Vinegar", "Aisle": "Pantry", "Sku": "20315275001_EA", "Regular Price": "None", "Sale Price": "6.29", "Image": "https://assets.shop.loblaws.ca/products/20315275001/b1/en/front/20315275001_front_a01_@2.png", "Brand": "Pam", "Url": "https://www.maxi.ca/cooking-spray-with-olive-oil/p/20315275001_EA", "Sub Category": null, "English Name": "Cooking Spray with Olive Oil", "Size": "141 g", "Size Label": "ea"}, {"Category": "Oils & Vinegar", "Aisle": "Pantry", "Sku": "20426424_EA", "Regular Price": "None", "Sale Price": "6.79", "Image": "https://assets.shop.loblaws.ca/products/20426424/b1/en/front/20426424_front_a01_@2.png", "Brand": "President's Choice", "Url": "https://www.maxi.ca/canola-oil-cooking-spray/p/20426424_EA", "Sub Category": null, "English Name": "Canola Oil Cooking Spray", "Size": "400 g", "Size Label": "ea"}, {"Category": "Oils & Vinegar", "Aisle": "Pantry", "Sku": "20149137_EA", "Regular Price": "None", "Sale Price": "3.29", "Image": "https://assets.shop.loblaws.ca/products/20149137/b1/en/front/20149137_front_a01_@2.png", "Brand": "President's Choice", "Url": "https://www.maxi.ca/the-natural-vinegar/p/20149137_EA", "Sub Category": null, "English Name": "The Natural Vinegar", "Size": "4 l", "Size Label": "ea"}, {"Category": "Oils & Vinegar", "Aisle": "Pantry", "Sku": "21313560_EA", "Regular Price": "None", "Sale Price": "3.99", "Image": "https://assets.shop.loblaws.ca/products/21313560/b1/en/front/21313560_front_a01_@2.png", "Brand": "Allen's", "Url": "https://www.maxi.ca/pickling-vinegar/p/21313560_EA", "Sub Category": null, "English Name": "Pickling Vinegar     ", "Size": "4 l", "Size Label": "ea"}, {"Category": "Oils & Vinegar", "Aisle": "Pantry", "Sku": "21180324_EA", "Regular Price": "None", "Sale Price": "4.99", "Image": "https://assets.shop.loblaws.ca/products/21180324/b1/en/front/21180324_front_a01_@2.png", "Brand": "No Name", "Url": "https://www.maxi.ca/apple-cider-vinegar/p/21180324_EA", "Sub Category": null, "English Name": "Apple Cider Vinegar", "Size": "4 l", "Size Label": "ea"}, {"Category": "Oils & Vinegar", "Aisle": "Pantry", "Sku": "20114879002_EA", "Regular Price": "None", "Sale Price": "3.99", "Image": "https://assets.shop.loblaws.ca/products/20114879002/b1/en/front/20114879002_front_a01_@2.png", "Brand": "President's Choice", "Url": "https://www.maxi.ca/white-wine-vinegar/p/20114879002_EA", "Sub Category": null, "English Name": "White Wine Vinegar", "Size": "500 ml", "Size Label": "ea"}, {"Category": "Oils & Vinegar", "Aisle": "Pantry", "Sku": "20114879001_EA", "Regular Price": "None", "Sale Price": "3.99", "Image": "https://assets.shop.loblaws.ca/products/20114879001/b1/en/front/20114879001_front_a01_@2.png", "Brand": "President's Choice", "Url": "https://www.maxi.ca/red-wine-vinegar/p/20114879001_EA", "Sub Category": null, "English Name": "Red Wine Vinegar", "Size": "500 ml", "Size Label": "ea"}, {"Category": "Oils & Vinegar", "Aisle": "Pantry", "Sku": "21060214_EA", "Regular Price": "None", "Sale Price": "5.99", "Image": "https://assets.shop.loblaws.ca/products/21060214/b1/en/front/21060214_front_a01_@2.png", "Brand": "Nonna Pia's Gourmet Sauces", "Url": "https://www.maxi.ca/organic-apple-cider-vinegar/p/21060214_EA", "Sub Category": null, "English Name": "Organic Apple Cider Vinegar", "Size": "500 ml", "Size Label": "ea"}, {"Category": "Oils & Vinegar", "Aisle": "Pantry", "Sku": "20092556_EA", "Regular Price": "None", "Sale Price": "13.99", "Image": "https://assets.shop.loblaws.ca/products/20092556/b1/en/front/20092556_front_a01_@2.png", "Brand": "Mazola", "Url": "https://www.maxi.ca/canola-oil/p/20092556_EA", "Sub Category": null, "English Name": "Canola Oil", "Size": "2.84 l", "Size Label": "ea"}, {"Category": "Oils & Vinegar", "Aisle": "Pantry", "Sku": "20332066_EA", "Regular Price": "None", "Sale Price": "12.99", "Image": "https://assets.shop.loblaws.ca/products/20332066/b1/en/front/20332066_front_a01_@2.png", "Brand": "President's Choice", "Url": "https://www.maxi.ca/extra-virgin-avocado-oil/p/20332066_EA", "Sub Category": null, "English Name": "Extra Virgin Avocado Oil ", "Size": "500 ml", "Size Label": "ea"}, {"Category": "Oils & Vinegar", "Aisle": "Pantry", "Sku": "20015260_EA", "Regular Price": "None", "Sale Price": "13.99", "Image": "https://assets.shop.loblaws.ca/products/20015260/b1/en/front/20015260_front_a01_@2.png", "Brand": "Mazola", "Url": "https://www.maxi.ca/corn-oil/p/20015260_EA", "Sub Category": null, "English Name": "Corn Oil", "Size": "2.84 l", "Size Label": "ea"}, {"Category": "Oils & Vinegar", "Aisle": "Pantry", "Sku": "20934822_EA", "Regular Price": "None", "Sale Price": "5.79", "Image": "https://assets.shop.loblaws.ca/products/20934822/b1/en/front/20934822_front_a01_@2.png", "Brand": "Bertolli", "Url": "https://www.maxi.ca/red-wine-vinegar/p/20934822_EA", "Sub Category": null, "English Name": "Red Wine Vinegar", "Size": "500 ml", "Size Label": "ea"}, {"Category": "Oils & Vinegar", "Aisle": "Pantry", "Sku": "20174377_EA", "Regular Price": "None", "Sale Price": "5.00", "Image": "https://assets.shop.loblaws.ca/products/20174377/b1/en/front/20174377_front_a01_@2.png", "Brand": "Unico", "Url": "https://www.maxi.ca/balsamic-vinegar/p/20174377_EA", "Sub Category": null, "English Name": "Balsamic Vinegar", "Size": "500 ml", "Size Label": "ea"}, {"Category": "Oils & Vinegar", "Aisle": "Pantry", "Sku": "21528433_EA", "Regular Price": "None", "Sale Price": "10.49", "Image": "https://assets.shop.loblaws.ca/products/21528433/b1/en/front/21528433_front_a01_@2.png", "Brand": "Crisco", "Url": "https://www.maxi.ca/vegetable-oil-soybean-oil/p/21528433_EA", "Sub Category": null, "English Name": "Vegetable Oil Soybean Oil", "Size": "1.18 l", "Size Label": "ea"}, {"Category": "Oils & Vinegar", "Aisle": "Pantry", "Sku": "20123482_EA", "Regular Price": "None", "Sale Price": "8.99", "Image": "https://assets.shop.loblaws.ca/products/20123482/b1/en/front/20123482_front_a01_@2.png", "Brand": "Becel", "Url": "https://www.maxi.ca/oil/p/20123482_EA", "Sub Category": null, "English Name": "Oil", "Size": "1 l", "Size Label": "ea"}, {"Category": "Oils & Vinegar", "Aisle": "Pantry", "Sku": "20172653_EA", "Regular Price": "None", "Sale Price": "3.99", "Image": "https://assets.shop.loblaws.ca/products/20172653/b1/en/front/20172653_front_a01_@2.png", "Brand": "Mastro", "Url": "https://www.maxi.ca/balsamic-vinegar/p/20172653_EA", "Sub Category": null, "English Name": "Balsamic Vinegar", "Size": "500 ml", "Size Label": "ea"}, {"Category": "Oils & Vinegar", "Aisle": "Pantry", "Sku": "20588612_EA", "Regular Price": "None", "Sale Price": "4.99", "Image": "https://assets.shop.loblaws.ca/products/20588612/b1/en/front/20588612_front_a01_@2.png", "Brand": "PC Splendido", "Url": "https://www.maxi.ca/2-leaf-balsamic-vinegar-of-modena/p/20588612_EA", "Sub Category": null, "English Name": "2 Leaf Balsamic Vinegar of Modena", "Size": "500 ml", "Size Label": "ea"}, {"Category": "Oils & Vinegar", "Aisle": "Pantry", "Sku": "21088796_EA", "Regular Price": "None", "Sale Price": "4.49", "Image": "https://assets.shop.loblaws.ca/products/21088796/b1/en/front/21088796_front_a01_@2.png", "Brand": "President's Choice", "Url": "https://www.maxi.ca/liquid-modified-coconut-oil-spray/p/21088796_EA", "Sub Category": null, "English Name": "Liquid Modified Coconut Oil Spray", "Size": "120 ml", "Size Label": "ea"}, {"Category": "Oils & Vinegar", "Aisle": "Pantry", "Sku": "21361501_EA", "Regular Price": "None", "Sale Price": "8.49", "Image": "https://assets.shop.loblaws.ca/products/21361501/b1/en/front/21361501_front_a01_@2.png", "Brand": "Pam", "Url": "https://www.maxi.ca/no-stick-cooking-spray-cold-pressed-extra-virgin-o/p/21361501_EA", "Sub Category": null, "English Name": "No-Stick Cooking Spray Cold Pressed Extra Virgin Olive Oil", "Size": "141 g", "Size Label": "ea"}, {"Category": "Oils & Vinegar", "Aisle": "Pantry", "Sku": "21361505_EA", "Regular Price": "None", "Sale Price": "8.49", "Image": "https://assets.shop.loblaws.ca/products/21361505/b1/en/front/21361505_front_a01_@2.png", "Brand": "Pam", "Url": "https://www.maxi.ca/no-stick-cooking-spray-expeller-pressed-avocado-oi/p/21361505_EA", "Sub Category": null, "English Name": "No-Stick Cooking Spray Expeller Pressed Avocado Oil", "Size": "141 g", "Size Label": "ea"}, {"Category": "Oils & Vinegar", "Aisle": "Pantry", "Sku": "20137323001_EA", "Regular Price": "None", "Sale Price": "3.99", "Image": "https://assets.shop.loblaws.ca/products/20137323001/b1/en/front/20137323001_front_a01_@2.png", "Brand": "Marukan", "Url": "https://www.maxi.ca/lite-rice-vinegar/p/20137323001_EA", "Sub Category": null, "English Name": "Lite Rice Vinegar", "Size": "355 ml", "Size Label": "ea"}, {"Category": "Oils & Vinegar", "Aisle": "Pantry", "Sku": "20169932_EA", "Regular Price": "None", "Sale Price": "13.49", "Image": "https://assets.shop.loblaws.ca/products/20169932/b1/en/front/20169932_front_a01_@2.png", "Brand": "President's Choice", "Url": "https://www.maxi.ca/canola-olive-oil-blend/p/20169932_EA", "Sub Category": null, "English Name": "Canola & Olive Oil Blend", "Size": "1.89 l", "Size Label": "ea"}, {"Category": "Oils & Vinegar", "Aisle": "Pantry", "Sku": "20127768_EA", "Regular Price": "None", "Sale Price": "7.99", "Image": "https://assets.shop.loblaws.ca/products/20127768/b1/en/front/20127768_front_a01_@2.png", "Brand": "No Name", "Url": "https://www.maxi.ca/100-pure-peanut-oil/p/20127768_EA", "Sub Category": null, "English Name": "100% Pure Peanut Oil", "Size": "946 ml", "Size Label": "ea"}, {"Category": "Oils & Vinegar", "Aisle": "Pantry", "Sku": "20145061003_EA", "Regular Price": "None", "Sale Price": "3.79", "Image": "https://assets.shop.loblaws.ca/products/20145061003/b1/en/front/20145061003_front_a01_@2.png", "Brand": "President's Choice", "Url": "https://www.maxi.ca/white-condiment-with-balsamic-vinegar-of-modena/p/20145061003_EA", "Sub Category": null, "English Name": "White Condiment with Balsamic Vinegar of Modena", "Size": "500 ml", "Size Label": "ea"}, {"Category": "Oils & Vinegar", "Aisle": "Pantry", "Sku": "20734818_EA", "Regular Price": "None", "Sale Price": "6.99", "Image": "https://assets.shop.loblaws.ca/products/20734818/b1/en/front/20734818_front_a01_@2.png", "Brand": "Colavita", "Url": "https://www.maxi.ca/balsamic-vinegar-of-modena/p/20734818_EA", "Sub Category": null, "English Name": "Balsamic Vinegar of Modena", "Size": "500 ml", "Size Label": "ea"}, {"Category": "Oils & Vinegar", "Aisle": "Pantry", "Sku": "20312389_EA", "Regular Price": "None", "Sale Price": "4.99", "Image": "https://assets.shop.loblaws.ca/products/20312389/b1/en/front/20312389_front_a01_@2.png", "Brand": "Pam", "Url": "https://www.maxi.ca/cooking-spray/p/20312389_EA", "Sub Category": null, "English Name": "Cooking Spray", "Size": "110 g", "Size Label": "ea"}, {"Category": "Oils & Vinegar", "Aisle": "Pantry", "Sku": "20077972_EA", "Regular Price": "None", "Sale Price": "13.99", "Image": "https://assets.shop.loblaws.ca/products/20077972/b1/en/front/20077972_front_a01_@2.png", "Brand": "Mastro", "Url": "https://www.maxi.ca/extra-virgin-olive-oil/p/20077972_EA", "Sub Category": null, "English Name": "Extra Virgin Olive Oil", "Size": "1 l", "Size Label": "ea"}, {"Category": "Oils & Vinegar", "Aisle": "Pantry", "Sku": "21425046_EA", "Regular Price": "None", "Sale Price": "4.79", "Image": "https://assets.shop.loblaws.ca/products/21425046/b1/en/front/21425046_front_a01_@2.png", "Brand": "President's Choice", "Url": "https://www.maxi.ca/hibiscus-glaze-with-white-condiment/p/21425046_EA", "Sub Category": null, "English Name": "Hibiscus Glaze with White Condiment ", "Size": "250 ml", "Size Label": "ea"}, {"Category": "Oils & Vinegar", "Aisle": "Pantry", "Sku": "20175014_EA", "Regular Price": "None", "Sale Price": "4.99", "Image": "https://assets.shop.loblaws.ca/products/20175014/b1/en/front/20175014_front_a01_@2.png", "Brand": "Bertolli", "Url": "https://www.maxi.ca/balsamic-vinegar-of-modena/p/20175014_EA", "Sub Category": null, "English Name": "Balsamic Vinegar of Modena", "Size": "500 ml", "Size Label": "ea"}, {"Category": "Oils & Vinegar", "Aisle": "Pantry", "Sku": "20156182002_EA", "Regular Price": "15.99", "Sale Price": "11.49", "Image": "https://assets.shop.loblaws.ca/products/20156182002/b1/en/front/20156182002_front_a01_@2.png", "Brand": "Bertolli", "Url": "https://www.maxi.ca/mild-taste-extra-virgin-olive-oil/p/20156182002_EA", "Sub Category": null, "English Name": "Mild Taste-Extra Virgin Olive Oil", "Size": "1 l", "Size Label": "ea"}, {"Category": "Oils & Vinegar", "Aisle": "Pantry", "Sku": "20839367_EA", "Regular Price": "None", "Sale Price": "8.99", "Image": "https://assets.shop.loblaws.ca/products/20839367/b1/en/front/20839367_front_a01_@2.png", "Brand": "Nonna Pia's Gourmet Sauces", "Url": "https://www.maxi.ca/balsamic-glaze-classic/p/20839367_EA", "Sub Category": null, "English Name": "Balsamic Glaze Classic", "Size": "250 ml", "Size Label": "ea"}, {"Category": "Oils & Vinegar", "Aisle": "Pantry", "Sku": "20029975_EA", "Regular Price": "None", "Sale Price": "7.49", "Image": "https://assets.shop.loblaws.ca/products/20029975/b1/en/front/20029975_front_a01_@2.png", "Brand": "Ancestral", "Url": "https://www.maxi.ca/apple-cider-vinegar-1-l/p/20029975_EA", "Sub Category": null, "English Name": "Apple Cider Vinegar 1 L", "Size": "1 l", "Size Label": "ea"}, {"Category": "Oils & Vinegar", "Aisle": "Pantry", "Sku": "20088927_EA", "Regular Price": "None", "Sale Price": "19.99", "Image": "https://assets.shop.loblaws.ca/products/20088927/b1/en/front/20088927_front_a01_@2.png", "Brand": "No Name", "Url": "https://www.maxi.ca/100-pure-sunflower-oil/p/20088927_EA", "Sub Category": null, "English Name": "100% Pure Sunflower Oil", "Size": "3 l", "Size Label": "ea"}, {"Category": "International Foods", "Aisle": "Pantry", "Sku": "20322658001_EA", "Regular Price": "None", "Sale Price": "0.59", "Image": "https://assets.shop.loblaws.ca/products/20322658001/b1/en/front/20322658001_front_a01_@2.png", "Brand": "Mr Noodles", "Url": "https://www.maxi.ca/instant-noodles-chicken-flavour/p/20322658001_EA", "Sub Category": null, "English Name": "Instant Noodles Chicken Flavour", "Size": "85 g", "Size Label": "ea"}, {"Category": "International Foods", "Aisle": "Pantry", "Sku": "20674094_EA", "Regular Price": "None", "Sale Price": "5.29", "Image": "https://assets.shop.loblaws.ca/products/20674094/b1/en/front/20674094_front_a01_@2.png", "Brand": "Tostitos", "Url": "https://www.maxi.ca/salsa-con-queso-394ml/p/20674094_EA", "Sub Category": null, "English Name": "Salsa Con Queso 394ml", "Size": "394 ml", "Size Label": "ea"}, {"Category": "International Foods", "Aisle": "Pantry", "Sku": "20795534_EA", "Regular Price": "None", "Sale Price": "4.99", "Image": "https://assets.shop.loblaws.ca/products/20795534/b1/en/front/20795534_front_a01_@2.png", "Brand": "Old El Paso", "Url": "https://www.maxi.ca/hard-soft-taco-dinner-kit/p/20795534_EA", "Sub Category": null, "English Name": "Hard & Soft Taco Dinner Kit", "Size": "340 g", "Size Label": "ea"}, {"Category": "International Foods", "Aisle": "Pantry", "Sku": "20322658004_EA", "Regular Price": "None", "Sale Price": "0.59", "Image": "https://assets.shop.loblaws.ca/products/20322658004/b1/en/front/20322658004_front_a01_@2.png", "Brand": "Mr Noodles", "Url": "https://www.maxi.ca/instant-noodles-beef-simulated-flavour/p/20322658004_EA", "Sub Category": null, "English Name": "Instant Noodles Beef Simulated Flavour", "Size": "85 g", "Size Label": "ea"}, {"Category": "International Foods", "Aisle": "Pantry", "Sku": "21049495_EA", "Regular Price": "None", "Sale Price": "1.69", "Image": "https://assets.shop.loblaws.ca/products/21049495/b1/en/front/21049495_front_a01_@2.png", "Brand": "Old El Paso", "Url": "https://www.maxi.ca/taco-seasoning-mix/p/21049495_EA", "Sub Category": null, "English Name": "Taco Seasoning Mix", "Size": "24 g", "Size Label": "ea"}, {"Category": "International Foods", "Aisle": "Pantry", "Sku": "20673728_EA", "Regular Price": "None", "Sale Price": "4.29", "Image": "https://assets.shop.loblaws.ca/products/20673728/b1/en/front/20673728_front_a01_@2.png", "Brand": "Tostitos", "Url": "https://www.maxi.ca/salsa-mild-418ml/p/20673728_EA", "Sub Category": null, "English Name": "Salsa - Mild 418ml", "Size": "418 ml", "Size Label": "ea"}, {"Category": "International Foods", "Aisle": "Pantry", "Sku": "20306992001_EA", "Regular Price": "None", "Sale Price": "3.99", "Image": "https://assets.shop.loblaws.ca/products/20306992001/b1/en/front/20306992001_front_a01_@2.png", "Brand": "Old El Paso", "Url": "https://www.maxi.ca/stand-n-stuff-taco-shells-gluten-free-10-ct/p/20306992001_EA", "Sub Category": null, "English Name": "Stand n' Stuff Taco Shells, Gluten Free, 10 ct", "Size": "133 g", "Size Label": "ea"}, {"Category": "International Foods", "Aisle": "Pantry", "Sku": "20324462001_EA", "Regular Price": "None", "Sale Price": "2.00", "Image": "https://assets.shop.loblaws.ca/products/20324462001/b1/en/front/20324462001_front_a01_@2.png", "Brand": "No Name", "Url": "https://www.maxi.ca/less-sodium-soy-sauce/p/20324462001_EA", "Sub Category": null, "English Name": "Less Sodium Soy Sauce", "Size": "450 ml", "Size Label": "ea"}, {"Category": "International Foods", "Aisle": "Pantry", "Sku": "20275907001_EA", "Regular Price": "None", "Sale Price": "1.00", "Image": "https://assets.shop.loblaws.ca/products/20275907001/b1/en/front/20275907001_front_a01_@2.png", "Brand": "Sapporo", "Url": "https://www.maxi.ca/ichiban-japanese-style-noodles-chicken/p/20275907001_EA", "Sub Category": null, "English Name": "Ichiban Japanese Style Noodles, Chicken", "Size": "100 g", "Size Label": "ea"}, {"Category": "International Foods", "Aisle": "Pantry", "Sku": "20673717_EA", "Regular Price": "None", "Sale Price": "4.29", "Image": "https://assets.shop.loblaws.ca/products/20673717/b1/en/front/20673717_front_a01_@2.png", "Brand": "Tostitos", "Url": "https://www.maxi.ca/salsa-medium-418ml/p/20673717_EA", "Sub Category": null, "English Name": "Salsa - Medium 418ml", "Size": "418 ml", "Size Label": "ea"}, {"Category": "International Foods", "Aisle": "Pantry", "Sku": "21049505_EA", "Regular Price": "None", "Sale Price": "1.69", "Image": "https://assets.shop.loblaws.ca/products/21049505/b1/en/front/21049505_front_a01_@2.png", "Brand": "Old El Paso", "Url": "https://www.maxi.ca/taco-seasoning-mix-mild/p/21049505_EA", "Sub Category": null, "English Name": "Taco Seasoning Mix, Mild", "Size": "24 g", "Size Label": "ea"}, {"Category": "International Foods", "Aisle": "Pantry", "Sku": "20309646003_EA", "Regular Price": "None", "Sale Price": "5.29", "Image": "https://assets.shop.loblaws.ca/products/20309646003/b1/en/front/20309646003_front_a01_@2.png", "Brand": "President's Choice", "Url": "https://www.maxi.ca/mild-salsa/p/20309646003_EA", "Sub Category": null, "English Name": "Mild Salsa ", "Size": "650 ml", "Size Label": "ea"}, {"Category": "International Foods", "Aisle": "Pantry", "Sku": "20275907004_EA", "Regular Price": "None", "Sale Price": "1.00", "Image": "https://assets.shop.loblaws.ca/products/20275907004/b1/en/front/20275907004_front_a01_@2.png", "Brand": "Sapporo", "Url": "https://www.maxi.ca/ichiban-japanese-style-noodles-original/p/20275907004_EA", "Sub Category": null, "English Name": "Ichiban Japanese Style Noodles, Original", "Size": "100 g", "Size Label": "ea"}, {"Category": "International Foods", "Aisle": "Pantry", "Sku": "20308726001_EA", "Regular Price": "None", "Sale Price": "2.99", "Image": "https://assets.shop.loblaws.ca/products/20308726001/b1/en/front/20308726001_front_a01_@2.png", "Brand": "VH", "Url": "https://www.maxi.ca/marinade-teriyaki-sauce/p/20308726001_EA", "Sub Category": null, "English Name": "Marinade - Teriyaki Sauce", "Size": "355 ml", "Size Label": "ea"}, {"Category": "International Foods", "Aisle": "Pantry", "Sku": "20309646001_EA", "Regular Price": "None", "Sale Price": "5.29", "Image": "https://assets.shop.loblaws.ca/products/20309646001/b1/en/front/20309646001_front_a01_@2.png", "Brand": "President's Choice", "Url": "https://www.maxi.ca/medium-salsa/p/20309646001_EA", "Sub Category": null, "English Name": "Medium Salsa", "Size": "650 ml", "Size Label": "ea"}, {"Category": "International Foods", "Aisle": "Pantry", "Sku": "21311252_EA", "Regular Price": "None", "Sale Price": "1.00", "Image": "https://assets.shop.loblaws.ca/products/21311252/b1/en/front/21311252_front_a01_@2.png", "Brand": "PC Blue Menu", "Url": "https://www.maxi.ca/taco-seasoning-mix/p/21311252_EA", "Sub Category": null, "English Name": "Taco Seasoning Mix", "Size": "24 g", "Size Label": "ea"}, {"Category": "International Foods", "Aisle": "Pantry", "Sku": "21311250_EA", "Regular Price": "None", "Sale Price": "1.00", "Image": "https://assets.shop.loblaws.ca/products/21311250/b1/en/front/21311250_front_a01_@2.png", "Brand": "President's Choice", "Url": "https://www.maxi.ca/taco-seasoning-mix/p/21311250_EA", "Sub Category": null, "English Name": "Taco Seasoning Mix", "Size": "24 g", "Size Label": "ea"}, {"Category": "International Foods", "Aisle": "Pantry", "Sku": "20119200_EA", "Regular Price": "None", "Sale Price": "2.99", "Image": "https://assets.shop.loblaws.ca/products/20119200/b1/en/front/20119200_front_a01_@2.png", "Brand": "President's Choice", "Url": "https://www.maxi.ca/large-flour-tortillas/p/20119200_EA", "Sub Category": null, "English Name": "Large Flour Tortillas", "Size": "334 g", "Size Label": "ea"}, {"Category": "International Foods", "Aisle": "Pantry", "Sku": "20984013_EA", "Regular Price": "None", "Sale Price": "2.99", "Image": "https://assets.shop.loblaws.ca/products/20984013/b1/en/front/20984013_front_a01_@2.png", "Brand": "VH", "Url": "https://www.maxi.ca/plum-dipping-sauce/p/20984013_EA", "Sub Category": null, "English Name": "Plum Dipping Sauce", "Size": "341 ml", "Size Label": "ea"}, {"Category": "International Foods", "Aisle": "Pantry", "Sku": "20314171001_EA", "Regular Price": "None", "Sale Price": "3.99", "Image": "https://assets.shop.loblaws.ca/products/20314171001/b1/en/front/20314171001_front_a01_@2.png", "Brand": "Old El Paso", "Url": "https://www.maxi.ca/soft-flour-tortillas-large-8-ct/p/20314171001_EA", "Sub Category": null, "English Name": "Soft Flour Tortillas, Large 8 ct", "Size": "334 g", "Size Label": "ea"}, {"Category": "International Foods", "Aisle": "Pantry", "Sku": "20297368_EA", "Regular Price": "None", "Sale Price": "2.99", "Image": "https://assets.shop.loblaws.ca/products/20297368/b1/en/front/20297368_front_a01_@2.png", "Brand": "VH", "Url": "https://www.maxi.ca/marinade-honey-garlic-sauce/p/20297368_EA", "Sub Category": null, "English Name": "Marinade - Honey Garlic Sauce", "Size": "341 ml", "Size Label": "ea"}, {"Category": "International Foods", "Aisle": "Pantry", "Sku": "21127164_EA", "Regular Price": "None", "Sale Price": "2.99", "Image": "https://assets.shop.loblaws.ca/products/21127164/b1/en/front/21127164_front_a01_@2.png", "Brand": "VH", "Url": "https://www.maxi.ca/soya-sauce/p/21127164_EA", "Sub Category": null, "English Name": "Soya Sauce", "Size": "380 ml", "Size Label": "ea"}, {"Category": "International Foods", "Aisle": "Pantry", "Sku": "20306992002_EA", "Regular Price": "None", "Sale Price": "3.99", "Image": "https://assets.shop.loblaws.ca/products/20306992002/b1/en/front/20306992002_front_a01_@2.png", "Brand": "Old El Paso", "Url": "https://www.maxi.ca/taco-crunchy-shells/p/20306992002_EA", "Sub Category": null, "English Name": "Taco Crunchy Shells", "Size": "125 g", "Size Label": "ea"}, {"Category": "International Foods", "Aisle": "Pantry", "Sku": "20305182001_EA", "Regular Price": "None", "Sale Price": "5.29", "Image": "https://assets.shop.loblaws.ca/products/20305182001/b1/en/front/20305182001_front_a01_@2.png", "Brand": "Old El Paso", "Url": "https://www.maxi.ca/thick-n-chunky-salsa-medium/p/20305182001_EA", "Sub Category": null, "English Name": "Thick n' Chunky Salsa, Medium    ", "Size": "650 ml", "Size Label": "ea"}, {"Category": "International Foods", "Aisle": "Pantry", "Sku": "20795536_EA", "Regular Price": "None", "Sale Price": "4.99", "Image": "https://assets.shop.loblaws.ca/products/20795536/b1/en/front/20795536_front_a01_@2.png", "Brand": "Old El Paso", "Url": "https://www.maxi.ca/soft-taco-dinner-kit/p/20795536_EA", "Sub Category": null, "English Name": "Soft Taco Dinner Kit", "Size": "400 g", "Size Label": "ea"}, {"Category": "International Foods", "Aisle": "Pantry", "Sku": "20309646006_EA", "Regular Price": "None", "Sale Price": "5.29", "Image": "https://assets.shop.loblaws.ca/products/20309646006/b1/en/front/20309646006_front_a01_@2.png", "Brand": "President's Choice", "Url": "https://www.maxi.ca/mild-white-corn-black-beans-salsa/p/20309646006_EA", "Sub Category": null, "English Name": "Mild White Corn & Black Beans Salsa", "Size": "650 ml", "Size Label": "ea"}, {"Category": "International Foods", "Aisle": "Pantry", "Sku": "20323181001_EA", "Regular Price": "None", "Sale Price": "4.99", "Image": "https://assets.shop.loblaws.ca/products/20323181001/b1/en/front/20323181001_front_a01_@2.png", "Brand": "President's Choice", "Url": "https://www.maxi.ca/mild-salsa/p/20323181001_EA", "Sub Category": null, "English Name": "Mild Salsa", "Size": "430 ml", "Size Label": "ea"}, {"Category": "International Foods", "Aisle": "Pantry", "Sku": "20984002_EA", "Regular Price": "None", "Sale Price": "2.99", "Image": "https://assets.shop.loblaws.ca/products/20984002/b1/en/front/20984002_front_a01_@2.png", "Brand": "VH", "Url": "https://www.maxi.ca/sweet-sour-dipping-sauce/p/20984002_EA", "Sub Category": null, "English Name": "Sweet & Sour Dipping Sauce", "Size": "341 ml", "Size Label": "ea"}, {"Category": "International Foods", "Aisle": "Pantry", "Sku": "20305182004_EA", "Regular Price": "None", "Sale Price": "5.29", "Image": "https://assets.shop.loblaws.ca/products/20305182004/b1/en/front/20305182004_front_a01_@2.png", "Brand": "Old El Paso", "Url": "https://www.maxi.ca/thick-n-chunky-mild-salsa/p/20305182004_EA", "Sub Category": null, "English Name": "Thick 'n Chunky Mild Salsa", "Size": "650 ml", "Size Label": "ea"}, {"Category": "International Foods", "Aisle": "Pantry", "Sku": "21049497_EA", "Regular Price": "None", "Sale Price": "1.69", "Image": "https://assets.shop.loblaws.ca/products/21049497/b1/en/front/21049497_front_a01_@2.png", "Brand": "Old El Paso", "Url": "https://www.maxi.ca/taco-seasoning-smart-fiesta/p/21049497_EA", "Sub Category": null, "English Name": "Taco Seasoning, Smart Fiesta", "Size": "24 g", "Size Label": "ea"}, {"Category": "International Foods", "Aisle": "Pantry", "Sku": "21049482_EA", "Regular Price": "None", "Sale Price": "1.69", "Image": "https://assets.shop.loblaws.ca/products/21049482/b1/en/front/21049482_front_a01_@2.png", "Brand": "Old El Paso", "Url": "https://www.maxi.ca/fajita-seasoning/p/21049482_EA", "Sub Category": null, "English Name": "Fajita Seasoning", "Size": "24 g", "Size Label": "ea"}, {"Category": "International Foods", "Aisle": "Pantry", "Sku": "21494000_EA", "Regular Price": "None", "Sale Price": "4.99", "Image": "https://assets.shop.loblaws.ca/products/21494000/b1/en/front/21494000_front_a01_@2.png", "Brand": "Old El Paso", "Url": "https://www.maxi.ca/stand-n-stuff-tacos-dinner-kit-10-tacos/p/21494000_EA", "Sub Category": null, "English Name": "Stand N' Stuff Tacos, Dinner Kit, 10 Tacos", "Size": "250 g", "Size Label": "ea"}, {"Category": "International Foods", "Aisle": "Pantry", "Sku": "20795468_EA", "Regular Price": "None", "Sale Price": "4.99", "Image": "https://assets.shop.loblaws.ca/products/20795468/b1/en/front/20795468_front_a01_@2.png", "Brand": "Old El Paso", "Url": "https://www.maxi.ca/diner-kit-hard-taco/p/20795468_EA", "Sub Category": null, "English Name": "Diner Kit, Hard Taco", "Size": "250 g", "Size Label": "ea"}, {"Category": "International Foods", "Aisle": "Pantry", "Sku": "20052738_EA", "Regular Price": "None", "Sale Price": "3.79", "Image": "https://assets.shop.loblaws.ca/products/20052738/b1/en/front/20052738_front_a01_@2.png", "Brand": "No Name", "Url": "https://www.maxi.ca/plum-sauce/p/20052738_EA", "Sub Category": null, "English Name": "Plum Sauce", "Size": "750 ml", "Size Label": "ea"}, {"Category": "International Foods", "Aisle": "Pantry", "Sku": "20301274001_EA", "Regular Price": "None", "Sale Price": "0.39", "Image": "https://assets.shop.loblaws.ca/products/20301274001/b1/en/front/20301274001_front_a01_@2.png", "Brand": "No Name", "Url": "https://www.maxi.ca/chicken-flavour-instant-noodle-soup/p/20301274001_EA", "Sub Category": null, "English Name": "Chicken Flavour Instant Noodle Soup", "Size": "85 g", "Size Label": "ea"}, {"Category": "International Foods", "Aisle": "Pantry", "Sku": "20323473001_EA", "Regular Price": "None", "Sale Price": "2.99", "Image": "https://assets.shop.loblaws.ca/products/20323473001/b1/en/front/20323473001_front_a01_@2.png", "Brand": "No Name", "Url": "https://www.maxi.ca/honey-garlic-sauce/p/20323473001_EA", "Sub Category": null, "English Name": "Honey Garlic Sauce", "Size": "350 ml", "Size Label": "ea"}, {"Category": "International Foods", "Aisle": "Pantry", "Sku": "21204181_EA", "Regular Price": "None", "Sale Price": "2.19", "Image": "https://assets.shop.loblaws.ca/products/21204181/b1/en/front/21204181_front_a01_@2.png", "Brand": "President's Choice", "Url": "https://www.maxi.ca/taco-sauce/p/21204181_EA", "Sub Category": null, "English Name": "Taco Sauce", "Size": "215 ml", "Size Label": "ea"}, {"Category": "International Foods", "Aisle": "Pantry", "Sku": "20323473002_EA", "Regular Price": "None", "Sale Price": "2.99", "Image": "https://assets.shop.loblaws.ca/products/20323473002/b1/en/front/20323473002_front_a01_@2.png", "Brand": "No Name", "Url": "https://www.maxi.ca/mild-garlic-rib-sauce/p/20323473002_EA", "Sub Category": null, "English Name": "Mild Garlic Rib Sauce ", "Size": "350 ml", "Size Label": "ea"}, {"Category": "International Foods", "Aisle": "Pantry", "Sku": "20434689_EA", "Regular Price": "None", "Sale Price": "6.49", "Image": "https://assets.shop.loblaws.ca/products/20434689/b1/en/front/20434689_front_a01_@2.png", "Brand": "PC Black Label", "Url": "https://www.maxi.ca/tomatillo-salsa/p/20434689_EA", "Sub Category": null, "English Name": "Tomatillo Salsa", "Size": "430 ml", "Size Label": "ea"}, {"Category": "International Foods", "Aisle": "Pantry", "Sku": "20309646002_EA", "Regular Price": "None", "Sale Price": "5.29", "Image": "https://assets.shop.loblaws.ca/products/20309646002/b1/en/front/20309646002_front_a01_@2.png", "Brand": "President's Choice", "Url": "https://www.maxi.ca/extra-chunky-medium-salsa/p/20309646002_EA", "Sub Category": null, "English Name": "Extra Chunky Medium Salsa", "Size": "650 ml", "Size Label": "ea"}, {"Category": "International Foods", "Aisle": "Pantry", "Sku": "20819773_EA", "Regular Price": "None", "Sale Price": "3.00", "Image": "https://assets.shop.loblaws.ca/products/20819773/b1/en/front/20819773_front_a01_@2.png", "Brand": "Old El Paso", "Url": "https://www.maxi.ca/soft-tortilla-bowls-flour-tortillas-8-ct/p/20819773_EA", "Sub Category": null, "English Name": "Soft Tortilla Bowls, Flour Tortillas, 8 ct", "Size": "189 g", "Size Label": "ea"}, {"Category": "International Foods", "Aisle": "Pantry", "Sku": "21049529_EA", "Regular Price": "None", "Sale Price": "1.69", "Image": "https://assets.shop.loblaws.ca/products/21049529/b1/en/front/21049529_front_a01_@2.png", "Brand": "Old El Paso", "Url": "https://www.maxi.ca/smart-fiesta-seasoning-mix/p/21049529_EA", "Sub Category": null, "English Name": "Smart Fiesta Seasoning Mix", "Size": "24 g", "Size Label": "ea"}, {"Category": "International Foods", "Aisle": "Pantry", "Sku": "20309646005_EA", "Regular Price": "None", "Sale Price": "5.29", "Image": "https://assets.shop.loblaws.ca/products/20309646005/b1/en/front/20309646005_front_a01_@2.png", "Brand": "President's Choice", "Url": "https://www.maxi.ca/hot-salsa/p/20309646005_EA", "Sub Category": null, "English Name": "Hot Salsa ", "Size": "650 ml", "Size Label": "ea"}, {"Category": "International Foods", "Aisle": "Pantry", "Sku": "20308726005_EA", "Regular Price": "None", "Sale Price": "2.99", "Image": "https://assets.shop.loblaws.ca/products/20308726005/b1/en/front/20308726005_front_a01_@2.png", "Brand": "VH", "Url": "https://www.maxi.ca/stir-fry-sauce-general-tao-s/p/20308726005_EA", "Sub Category": null, "English Name": "Stir-Fry Sauce - General Tao's", "Size": "355 ml", "Size Label": "ea"}, {"Category": "International Foods", "Aisle": "Pantry", "Sku": "20305832_EA", "Regular Price": "None", "Sale Price": "0.39", "Image": "https://assets.shop.loblaws.ca/products/20305832/b1/en/front/20305832_front_a01_@2.png", "Brand": "No Name", "Url": "https://www.maxi.ca/instant-noodle-soup-chicken-vegetable-flavour/p/20305832_EA", "Sub Category": null, "English Name": "Instant Noodle Soup Chicken Vegetable Flavour", "Size": "85 g", "Size Label": "ea"}, {"Category": "International Foods", "Aisle": "Pantry", "Sku": "21420053_EA", "Regular Price": "None", "Sale Price": "3.99", "Image": "https://assets.shop.loblaws.ca/products/21420053/b1/en/front/21420053_front_a01_@2.png", "Brand": "Old El Paso", "Url": "https://www.maxi.ca/mild-taco-sauce/p/21420053_EA", "Sub Category": null, "English Name": "Mild Taco Sauce", "Size": "243 ml", "Size Label": "ea"}, {"Category": "International Foods", "Aisle": "Pantry", "Sku": "20307057001_EA", "Regular Price": "None", "Sale Price": "5.99", "Image": "https://assets.shop.loblaws.ca/products/20307057001/b1/en/front/20307057001_front_a01_@2.png", "Brand": "Pataks", "Url": "https://www.maxi.ca/mild-curry-paste/p/20307057001_EA", "Sub Category": null, "English Name": "Mild Curry Paste", "Size": "284 ml", "Size Label": "ea"}, {"Category": "International Foods", "Aisle": "Pantry", "Sku": "20415962_EA", "Regular Price": "None", "Sale Price": "6.49", "Image": "https://assets.shop.loblaws.ca/products/20415962/b1/en/front/20415962_front_a01_@2.png", "Brand": "PC Black Label", "Url": "https://www.maxi.ca/orginial-salsa/p/20415962_EA", "Sub Category": null, "English Name": "Orginial Salsa", "Size": "430 ml", "Size Label": "ea"}, {"Category": "International Foods", "Aisle": "Pantry", "Sku": "21548144_EA", "Regular Price": "None", "Sale Price": "4.99", "Image": "https://assets.shop.loblaws.ca/products/21548144/b1/en/front/21548144_front_a01_@2.png", "Brand": "Old El Paso", "Url": "https://www.maxi.ca/street-taco-kit-asado-chicken/p/21548144_EA", "Sub Category": null, "English Name": "Street Taco Kit, Asado Chicken", "Size": "320 g", "Size Label": "ea"}, {"Category": "International Foods", "Aisle": "Pantry", "Sku": "20301274002_EA", "Regular Price": "None", "Sale Price": "0.39", "Image": "https://assets.shop.loblaws.ca/products/20301274002/b1/en/front/20301274002_front_a01_@2.png", "Brand": "No Name", "Url": "https://www.maxi.ca/beef-flavour-instant-noodle-soup/p/20301274002_EA", "Sub Category": null, "English Name": "Beef Flavour Instant Noodle Soup", "Size": "85 g", "Size Label": "ea"}, {"Category": "International Foods", "Aisle": "Pantry", "Sku": "20415962_EA", "Regular Price": "None", "Sale Price": "6.49", "Image": "https://assets.shop.loblaws.ca/products/20415962/b1/en/front/20415962_front_a01_@2.png", "Brand": "PC Black Label", "Url": "https://www.maxi.ca/orginial-salsa/p/20415962_EA", "Sub Category": null, "English Name": "Orginial Salsa", "Size": "430 ml", "Size Label": "ea"}, {"Category": "International Foods", "Aisle": "Pantry", "Sku": "20307057001_EA", "Regular Price": "None", "Sale Price": "5.99", "Image": "https://assets.shop.loblaws.ca/products/20307057001/b1/en/front/20307057001_front_a01_@2.png", "Brand": "Pataks", "Url": "https://www.maxi.ca/mild-curry-paste/p/20307057001_EA", "Sub Category": null, "English Name": "Mild Curry Paste", "Size": "284 ml", "Size Label": "ea"}, {"Category": "International Foods", "Aisle": "Pantry", "Sku": "20712986_EA", "Regular Price": "4.79", "Sale Price": "4.49", "Image": "https://assets.shop.loblaws.ca/products/20712986/b1/en/front/20712986_front_a01_@2.png", "Brand": "Blue Dragon", "Url": "https://www.maxi.ca/thai-red-curry-paste/p/20712986_EA", "Sub Category": null, "English Name": "Thai Red Curry Paste", "Size": "270 ml", "Size Label": "ea"}, {"Category": "International Foods", "Aisle": "Pantry", "Sku": "21005962_EA", "Regular Price": "None", "Sale Price": "5.49", "Image": "https://assets.shop.loblaws.ca/products/21005962/b1/en/front/21005962_front_a01_@2.png", "Brand": "Blue Dragon", "Url": "https://www.maxi.ca/pad-thai-cooking-kit-3-step/p/21005962_EA", "Sub Category": null, "English Name": "Pad Thai Cooking Kit 3 Step", "Size": "220 g", "Size Label": "ea"}, {"Category": "International Foods", "Aisle": "Pantry", "Sku": "20770660_EA", "Regular Price": "None", "Sale Price": "3.49", "Image": "https://assets.shop.loblaws.ca/products/20770660/b1/en/front/20770660_front_a01_@2.png", "Brand": "Pataks", "Url": "https://www.maxi.ca/butter-chicken-cooking-sauce-for-2/p/20770660_EA", "Sub Category": null, "English Name": "Butter Chicken Cooking Sauce for 2", "Size": "200 ml", "Size Label": "ea"}, {"Category": "International Foods", "Aisle": "Pantry", "Sku": "20125110002_EA", "Regular Price": "None", "Sale Price": "5.99", "Image": "https://assets.shop.loblaws.ca/products/20125110002/b1/en/front/20125110002_front_a01_@2.png", "Brand": "Tostitos", "Url": "https://www.maxi.ca/dip-spinach-432g/p/20125110002_EA", "Sub Category": null, "English Name": "Dip - Spinach 432g", "Size": "432 g", "Size Label": "ea"}, {"Category": "International Foods", "Aisle": "Pantry", "Sku": "20054076001_EA", "Regular Price": "None", "Sale Price": "3.29", "Image": "https://assets.shop.loblaws.ca/products/20054076001/b1/en/front/20054076001_front_a01_@2.png", "Brand": "La Costena", "Url": "https://www.maxi.ca/refried-pinto-beans/p/20054076001_EA", "Sub Category": null, "English Name": "Refried Pinto Beans", "Size": "546 ml", "Size Label": "ea"}, {"Category": "International Foods", "Aisle": "Pantry", "Sku": "20250477004_EA", "Regular Price": "None", "Sale Price": "4.99", "Image": "https://assets.shop.loblaws.ca/products/20250477004/b1/en/front/20250477004_front_a01_@2.png", "Brand": "Old El Paso", "Url": "https://www.maxi.ca/smart-fiesta-burrito-dinner-kit/p/20250477004_EA", "Sub Category": null, "English Name": "Smart Fiesta Burrito Dinner Kit", "Size": "510 g", "Size Label": "ea"}, {"Category": "International Foods", "Aisle": "Pantry", "Sku": "21397587_EA", "Regular Price": "None", "Sale Price": "1.00", "Image": "https://assets.shop.loblaws.ca/products/21397587/b1/en/front/21397587_front_a01_@2.png", "Brand": "President's Choice", "Url": "https://www.maxi.ca/al-pastor-taco-seasoning-mix/p/21397587_EA", "Sub Category": null, "English Name": "Al Pastor Taco Seasoning Mix", "Size": "24 g", "Size Label": "ea"}, {"Category": "International Foods", "Aisle": "Pantry", "Sku": "20309693002_EA", "Regular Price": "None", "Sale Price": "2.99", "Image": "https://assets.shop.loblaws.ca/products/20309693002/b1/en/front/20309693002_front_a01_@2.png", "Brand": "VH", "Url": "https://www.maxi.ca/marinade-strong-garlic-sauce/p/20309693002_EA", "Sub Category": null, "English Name": "Marinade -  Strong Garlic Sauce", "Size": "341 ml", "Size Label": "ea"}, {"Category": "International Foods", "Aisle": "Pantry", "Sku": "20308422001_EA", "Regular Price": "None", "Sale Price": "3.49", "Image": "https://assets.shop.loblaws.ca/products/20308422001/b1/en/front/20308422001_front_a01_@2.png", "Brand": "President's Choice", "Url": "https://www.maxi.ca/general-tao-stir-fry-sauce/p/20308422001_EA", "Sub Category": null, "English Name": "General Tao Stir-Fry Sauce", "Size": "350 ml", "Size Label": "ea"}, {"Category": "International Foods", "Aisle": "Pantry", "Sku": "20901432_EA", "Regular Price": "4.79", "Sale Price": "4.49", "Image": "https://assets.shop.loblaws.ca/products/20901432/b1/en/front/20901432_front_a01_@2.png", "Brand": "Blue Dragon", "Url": "https://www.maxi.ca/sweet-chilli-sauce/p/20901432_EA", "Sub Category": null, "English Name": "Sweet Chilli Sauce", "Size": "310 ml", "Size Label": "ea"}, {"Category": "International Foods", "Aisle": "Pantry", "Sku": "20088698001_EA", "Regular Price": "None", "Sale Price": "3.99", "Image": "https://assets.shop.loblaws.ca/products/20088698001/b1/en/front/20088698001_front_a01_@2.png", "Brand": "No Name", "Url": "https://www.maxi.ca/medium-salsa/p/20088698001_EA", "Sub Category": null, "English Name": "Medium Salsa", "Size": "430 ml", "Size Label": "ea"}, {"Category": "International Foods", "Aisle": "Pantry", "Sku": "20414996_EA", "Regular Price": "None", "Sale Price": "6.49", "Image": "https://assets.shop.loblaws.ca/products/20414996/b1/en/front/20414996_front_a01_@2.png", "Brand": "PC Black Label", "Url": "https://www.maxi.ca/smoky-chipotle-salsa/p/20414996_EA", "Sub Category": null, "English Name": "Smoky Chipotle Salsa", "Size": "430 ml", "Size Label": "ea"}, {"Category": "International Foods", "Aisle": "Pantry", "Sku": "20323181003_EA", "Regular Price": "None", "Sale Price": "4.99", "Image": "https://assets.shop.loblaws.ca/products/20323181003/b1/en/front/20323181003_front_a01_@2.png", "Brand": "President's Choice", "Url": "https://www.maxi.ca/hot-salsa/p/20323181003_EA", "Sub Category": null, "English Name": "Hot Salsa ", "Size": "430 ml", "Size Label": "ea"}, {"Category": "International Foods", "Aisle": "Pantry", "Sku": "20299337003_EA", "Regular Price": "None", "Sale Price": "4.99", "Image": "https://assets.shop.loblaws.ca/products/20299337003/b1/en/front/20299337003_front_a01_@2.png", "Brand": "President's Choice", "Url": "https://www.maxi.ca/tha-red-curry-cooking-sauce/p/20299337003_EA", "Sub Category": null, "English Name": "Tha\u00ef Red Curry Cooking Sauce", "Size": "400 ml", "Size Label": "ea"}, {"Category": "International Foods", "Aisle": "Pantry", "Sku": "21311238_EA", "Regular Price": "None", "Sale Price": "1.00", "Image": "https://assets.shop.loblaws.ca/products/21311238/b1/en/front/21311238_front_a01_@2.png", "Brand": "PC Blue Menu", "Url": "https://www.maxi.ca/fajita-seasoning-mix/p/21311238_EA", "Sub Category": null, "English Name": "Fajita Seasoning Mix ", "Size": "24 g", "Size Label": "ea"}, {"Category": "International Foods", "Aisle": "Pantry", "Sku": "21219735_EA", "Regular Price": "None", "Sale Price": "2.99", "Image": "https://assets.shop.loblaws.ca/products/21219735/b1/en/front/21219735_front_a01_@2.png", "Brand": "VH", "Url": "https://www.maxi.ca/mango-chili/p/21219735_EA", "Sub Category": null, "English Name": "Mango Chili     ", "Size": "341 ml", "Size Label": "ea"}, {"Category": "International Foods", "Aisle": "Pantry", "Sku": "20307057004_EA", "Regular Price": "None", "Sale Price": "5.99", "Image": "https://assets.shop.loblaws.ca/products/20307057004/b1/en/front/20307057004_front_a01_@2.png", "Brand": "Pataks", "Url": "https://www.maxi.ca/tandoori-curry-paste/p/20307057004_EA", "Sub Category": null, "English Name": "Tandoori Curry Paste", "Size": "284 ml", "Size Label": "ea"}, {"Category": "International Foods", "Aisle": "Pantry", "Sku": "21105391_EA", "Regular Price": "None", "Sale Price": "5.99", "Image": "https://assets.shop.loblaws.ca/products/21105391/b1/en/front/21105391_front_a01_@2.png", "Brand": "Pataks", "Url": "https://www.maxi.ca/korma-curry-paste/p/21105391_EA", "Sub Category": null, "English Name": "Korma Curry Paste", "Size": "284 ml", "Size Label": "ea"}, {"Category": "International Foods", "Aisle": "Pantry", "Sku": "20770689_EA", "Regular Price": "4.79", "Sale Price": "4.49", "Image": "https://assets.shop.loblaws.ca/products/20770689/b1/en/front/20770689_front_a01_@2.png", "Brand": "Blue Dragon", "Url": "https://www.maxi.ca/thai-green-curry-paste/p/20770689_EA", "Sub Category": null, "English Name": "Thai Green Curry Paste", "Size": "270 ml", "Size Label": "ea"}, {"Category": "International Foods", "Aisle": "Pantry", "Sku": "20708549001_EA", "Regular Price": "2.29", "Sale Price": "1.99", "Image": "https://assets.shop.loblaws.ca/products/20708549001/b1/en/front/20708549001_front_a01_@2.png", "Brand": "Blue Dragon", "Url": "https://www.maxi.ca/honey-teriyaki-stir-fry-sauce/p/20708549001_EA", "Sub Category": null, "English Name": "Honey Teriyaki Stir Fry Sauce", "Size": "140 ml", "Size Label": "ea"}, {"Category": "International Foods", "Aisle": "Pantry", "Sku": "21049548_EA", "Regular Price": "None", "Sale Price": "1.69", "Image": "https://assets.shop.loblaws.ca/products/21049548/b1/en/front/21049548_front_a01_@2.png", "Brand": "Old El Paso", "Url": "https://www.maxi.ca/taco-seasoning-hot-n-spicy/p/21049548_EA", "Sub Category": null, "English Name": "Taco Seasoning, Hot N Spicy", "Size": "24 g", "Size Label": "ea"}, {"Category": "International Foods", "Aisle": "Pantry", "Sku": "20213517002_EA", "Regular Price": "None", "Sale Price": "4.99", "Image": "https://assets.shop.loblaws.ca/products/20213517002/b1/en/front/20213517002_front_a01_@2.png", "Brand": "Old Dutch", "Url": "https://www.maxi.ca/restaurante-salsa-mild/p/20213517002_EA", "Sub Category": null, "English Name": "Restaurante Salsa, Mild", "Size": "430 ml", "Size Label": "ea"}, {"Category": "International Foods", "Aisle": "Pantry", "Sku": "20213517001_EA", "Regular Price": "None", "Sale Price": "4.99", "Image": "https://assets.shop.loblaws.ca/products/20213517001/b1/en/front/20213517001_front_a01_@2.png", "Brand": "Old Dutch", "Url": "https://www.maxi.ca/restaurante-salsa-medium/p/20213517001_EA", "Sub Category": null, "English Name": "Restaurante Salsa, Medium", "Size": "430 ml", "Size Label": "ea"}, {"Category": "International Foods", "Aisle": "Pantry", "Sku": "21397741_EA", "Regular Price": "None", "Sale Price": "1.00", "Image": "https://assets.shop.loblaws.ca/products/21397741/b1/en/front/21397741_front_a01_@2.png", "Brand": "President's Choice", "Url": "https://www.maxi.ca/chorizo-taco-seasoning-mix/p/21397741_EA", "Sub Category": null, "English Name": "Chorizo Taco Seasoning Mix", "Size": "24 g", "Size Label": "ea"}, {"Category": "International Foods", "Aisle": "Pantry", "Sku": "21049549_EA", "Regular Price": "None", "Sale Price": "1.69", "Image": "https://assets.shop.loblaws.ca/products/21049549/b1/en/front/21049549_front_a01_@2.png", "Brand": "Old El Paso", "Url": "https://www.maxi.ca/chili-seasoning-mix/p/21049549_EA", "Sub Category": null, "English Name": "Chili Seasoning Mix", "Size": "24 g", "Size Label": "ea"}, {"Category": "International Foods", "Aisle": "Pantry", "Sku": "21398019_EA", "Regular Price": "None", "Sale Price": "2.99", "Image": "https://assets.shop.loblaws.ca/products/21398019/b1/en/front/21398019_front_a01_@2.png", "Brand": "President's Choice", "Url": "https://www.maxi.ca/mole-verde-simmer-sauce/p/21398019_EA", "Sub Category": null, "English Name": "Mole Verde Simmer Sauce", "Size": "236 ml", "Size Label": "ea"}, {"Category": "International Foods", "Aisle": "Pantry", "Sku": "21397582_EA", "Regular Price": "None", "Sale Price": "2.99", "Image": "https://assets.shop.loblaws.ca/products/21397582/b1/en/front/21397582_front_a01_@2.png", "Brand": "President's Choice", "Url": "https://www.maxi.ca/mole-poblano-simmer-sauce/p/21397582_EA", "Sub Category": null, "English Name": "Mole Poblano Simmer Sauce", "Size": "236 ml", "Size Label": "ea"}, {"Category": "International Foods", "Aisle": "Pantry", "Sku": "20300643001_EA", "Regular Price": "None", "Sale Price": "2.99", "Image": "https://assets.shop.loblaws.ca/products/20300643001/b1/en/front/20300643001_front_a01_@2.png", "Brand": "VH", "Url": "https://www.maxi.ca/simmering-sauce-butter-chicken/p/20300643001_EA", "Sub Category": null, "English Name": "Simmering Sauce - Butter Chicken", "Size": "341 ml", "Size Label": "ea"}, {"Category": "International Foods", "Aisle": "Pantry", "Sku": "20298369001_EA", "Regular Price": "None", "Sale Price": "4.99", "Image": "https://assets.shop.loblaws.ca/products/20298369001/b1/en/front/20298369001_front_a01_@2.png", "Brand": "President's Choice", "Url": "https://www.maxi.ca/butter-chicken-cooking-sauce/p/20298369001_EA", "Sub Category": null, "English Name": "Butter Chicken Cooking Sauce", "Size": "400 ml", "Size Label": "ea"}, {"Category": "International Foods", "Aisle": "Pantry", "Sku": "20088698002_EA", "Regular Price": "None", "Sale Price": "3.99", "Image": "https://assets.shop.loblaws.ca/products/20088698002/b1/en/front/20088698002_front_a01_@2.png", "Brand": "No Name", "Url": "https://www.maxi.ca/mild-salsa/p/20088698002_EA", "Sub Category": null, "English Name": "Mild Salsa ", "Size": "430 ml", "Size Label": "ea"}, {"Category": "International Foods", "Aisle": "Pantry", "Sku": "20309693003_EA", "Regular Price": "None", "Sale Price": "2.99", "Image": "https://assets.shop.loblaws.ca/products/20309693003/b1/en/front/20309693003_front_a01_@2.png", "Brand": "VH", "Url": "https://www.maxi.ca/marinade-mild-garlic-sauce/p/20309693003_EA", "Sub Category": null, "English Name": "Marinade - Mild Garlic Sauce", "Size": "341 ml", "Size Label": "ea"}, {"Category": "International Foods", "Aisle": "Pantry", "Sku": "20673817_EA", "Regular Price": "None", "Sale Price": "4.29", "Image": "https://assets.shop.loblaws.ca/products/20673817/b1/en/front/20673817_front_a01_@2.png", "Brand": "Tostitos", "Url": "https://www.maxi.ca/salsa-hot-418ml/p/20673817_EA", "Sub Category": null, "English Name": "Salsa - Hot 418ml", "Size": "418 ml", "Size Label": "ea"}, {"Category": "International Foods", "Aisle": "Pantry", "Sku": "20921878_EA", "Regular Price": "None", "Sale Price": "4.29", "Image": "https://assets.shop.loblaws.ca/products/20921878/b1/en/front/20921878_front_a01_@2.png", "Brand": "Tostitos", "Url": "https://www.maxi.ca/salsa-mango-416ml/p/20921878_EA", "Sub Category": null, "English Name": "Salsa - Mango 416ml", "Size": "416 g", "Size Label": "ea"}, {"Category": "International Foods", "Aisle": "Pantry", "Sku": "21419791_EA", "Regular Price": "None", "Sale Price": "3.99", "Image": "https://assets.shop.loblaws.ca/products/21419791/b1/en/front/21419791_front_a01_@2.png", "Brand": "Old El Paso", "Url": "https://www.maxi.ca/medium-taco-sauce/p/21419791_EA", "Sub Category": null, "English Name": "Medium Taco Sauce", "Size": "243 ml", "Size Label": "ea"}, {"Category": "International Foods", "Aisle": "Pantry", "Sku": "21401191_EA", "Regular Price": "None", "Sale Price": "3.49", "Image": "https://assets.shop.loblaws.ca/products/21401191/b1/en/front/21401191_front_a01_@2.png", "Brand": "President's Choice", "Url": "https://www.maxi.ca/mexican-style-rice/p/21401191_EA", "Sub Category": null, "English Name": "Mexican Style Rice", "Size": "250 g", "Size Label": "ea"}, {"Category": "International Foods", "Aisle": "Pantry", "Sku": "20019259_EA", "Regular Price": "None", "Sale Price": "2.49", "Image": "https://assets.shop.loblaws.ca/products/20019259/b1/en/front/20019259_front_a01_@2.png", "Brand": "VH", "Url": "https://www.maxi.ca/chinese-fondue-mix/p/20019259_EA", "Sub Category": null, "English Name": "Chinese Fondue Mix", "Size": "42 g", "Size Label": "ea"}, {"Category": "International Foods", "Aisle": "Pantry", "Sku": "20795300_EA", "Regular Price": "None", "Sale Price": "4.99", "Image": "https://assets.shop.loblaws.ca/products/20795300/b1/en/front/20795300_front_a01_@2.png", "Brand": "Old El Paso", "Url": "https://www.maxi.ca/fajita-dinner-kit/p/20795300_EA", "Sub Category": null, "English Name": "Fajita Dinner Kit    ", "Size": "400 g", "Size Label": "ea"}, {"Category": "International Foods", "Aisle": "Pantry", "Sku": "20303890001_EA", "Regular Price": "None", "Sale Price": "3.00", "Image": "https://assets.shop.loblaws.ca/products/20303890001/b1/en/front/20303890001_front_a01_@2.png", "Brand": "No Name", "Url": "https://www.maxi.ca/refried-pinto-beans/p/20303890001_EA", "Sub Category": null, "English Name": "Refried Pinto Beans ", "Size": "398 ml", "Size Label": "ea"}, {"Category": "International Foods", "Aisle": "Pantry", "Sku": "20309693006_EA", "Regular Price": "None", "Sale Price": "2.99", "Image": "https://assets.shop.loblaws.ca/products/20309693006/b1/en/front/20309693006_front_a01_@2.png", "Brand": "VH", "Url": "https://www.maxi.ca/marinade-pineapple-sauce/p/20309693006_EA", "Sub Category": null, "English Name": "Marinade -  Pineapple Sauce", "Size": "341 ml", "Size Label": "ea"}, {"Category": "International Foods", "Aisle": "Pantry", "Sku": "20309646007_EA", "Regular Price": "None", "Sale Price": "5.29", "Image": "https://assets.shop.loblaws.ca/products/20309646007/b1/en/front/20309646007_front_a01_@2.png", "Brand": "President's Choice", "Url": "https://www.maxi.ca/extra-chunky-mild-salsa/p/20309646007_EA", "Sub Category": null, "English Name": "Extra Chunky Mild Salsa", "Size": "650 ml", "Size Label": "ea"}, {"Category": "International Foods", "Aisle": "Pantry", "Sku": "20984003_EA", "Regular Price": "None", "Sale Price": "2.99", "Image": "https://assets.shop.loblaws.ca/products/20984003/b1/en/front/20984003_front_a01_@2.png", "Brand": "VH", "Url": "https://www.maxi.ca/cherry-dipping-sauce/p/20984003_EA", "Sub Category": null, "English Name": "Cherry Dipping Sauce", "Size": "341 ml", "Size Label": "ea"}, {"Category": "International Foods", "Aisle": "Pantry", "Sku": "20322926004_EA", "Regular Price": "None", "Sale Price": "2.99", "Image": "https://assets.shop.loblaws.ca/products/20322926004/b1/en/front/20322926004_front_a01_@2.png", "Brand": "VH", "Url": "https://www.maxi.ca/dipping-sauce-sweet-thai-chili/p/20322926004_EA", "Sub Category": null, "English Name": "Dipping Sauce, Sweet Thai Chili", "Size": "341 ml", "Size Label": "ea"}, {"Category": "International Foods", "Aisle": "Pantry", "Sku": "20605503_EA", "Regular Price": "None", "Sale Price": "3.49", "Image": "https://assets.shop.loblaws.ca/products/20605503/b1/en/front/20605503_front_a01_@2.png", "Brand": "President's Choice", "Url": "https://www.maxi.ca/pickled-and-sliced-jalapeno-peppers/p/20605503_EA", "Sub Category": null, "English Name": "Pickled and Sliced Jalapeno Peppers", "Size": "250 ml", "Size Label": "ea"}, {"Category": "International Foods", "Aisle": "Pantry", "Sku": "20591677003_EA", "Regular Price": "2.29", "Sale Price": "1.99", "Image": "https://assets.shop.loblaws.ca/products/20591677003/b1/en/front/20591677003_front_a01_@2.png", "Brand": "Blue Dragon", "Url": "https://www.maxi.ca/sweet-sour-stir-fry-sauce/p/20591677003_EA", "Sub Category": null, "English Name": "Sweet & Sour Stir Fry Sauce", "Size": "140 ml", "Size Label": "ea"}, {"Category": "International Foods", "Aisle": "Pantry", "Sku": "20605503_EA", "Regular Price": "None", "Sale Price": "3.49", "Image": "https://assets.shop.loblaws.ca/products/20605503/b1/en/front/20605503_front_a01_@2.png", "Brand": "President's Choice", "Url": "https://www.maxi.ca/pickled-and-sliced-jalapeno-peppers/p/20605503_EA", "Sub Category": null, "English Name": "Pickled and Sliced Jalapeno Peppers", "Size": "250 ml", "Size Label": "ea"}, {"Category": "International Foods", "Aisle": "Pantry", "Sku": "20309693006_EA", "Regular Price": "None", "Sale Price": "2.99", "Image": "https://assets.shop.loblaws.ca/products/20309693006/b1/en/front/20309693006_front_a01_@2.png", "Brand": "VH", "Url": "https://www.maxi.ca/marinade-pineapple-sauce/p/20309693006_EA", "Sub Category": null, "English Name": "Marinade -  Pineapple Sauce", "Size": "341 ml", "Size Label": "ea"}, {"Category": "International Foods", "Aisle": "Pantry", "Sku": "20309646007_EA", "Regular Price": "None", "Sale Price": "5.29", "Image": "https://assets.shop.loblaws.ca/products/20309646007/b1/en/front/20309646007_front_a01_@2.png", "Brand": "President's Choice", "Url": "https://www.maxi.ca/extra-chunky-mild-salsa/p/20309646007_EA", "Sub Category": null, "English Name": "Extra Chunky Mild Salsa", "Size": "650 ml", "Size Label": "ea"}, {"Category": "International Foods", "Aisle": "Pantry", "Sku": "20075022_EA", "Regular Price": "None", "Sale Price": "4.99", "Image": "https://assets.shop.loblaws.ca/products/20075022/b1/en/front/20075022_front_a01_@2.png", "Brand": "President's Choice", "Url": "https://www.maxi.ca/pad-tha-cooking-sauce/p/20075022_EA", "Sub Category": null, "English Name": "Pad Tha\u00ef Cooking Sauce", "Size": "400 ml", "Size Label": "ea"}, {"Category": "International Foods", "Aisle": "Pantry", "Sku": "20306818001_EA", "Regular Price": "None", "Sale Price": "5.29", "Image": "https://assets.shop.loblaws.ca/products/20306818001/b1/en/front/20306818001_front_a01_@2.png", "Brand": "Pataks", "Url": "https://www.maxi.ca/tikka-masala-cooking-sauce/p/20306818001_EA", "Sub Category": null, "English Name": "Tikka Masala Cooking Sauce", "Size": "400 ml", "Size Label": "ea"}, {"Category": "International Foods", "Aisle": "Pantry", "Sku": "20779190_EA", "Regular Price": "None", "Sale Price": "4.29", "Image": "https://assets.shop.loblaws.ca/products/20779190/b1/en/front/20779190_front_a01_@2.png", "Brand": "Tostitos", "Url": "https://www.maxi.ca/salsa-roasted-red-pepper-423ml/p/20779190_EA", "Sub Category": null, "English Name": "Salsa - Roasted Red Pepper 423ml", "Size": "423 ml", "Size Label": "ea"}, {"Category": "Easy Meals & Sides", "Aisle": "Pantry", "Sku": "21549526_EA", "Regular Price": "1.25", "Sale Price": "0.99", "Image": "https://assets.shop.loblaws.ca/products/21549526/b1/en/front/21549526_front_a01_@2.png", "Brand": "Kraft", "Url": "https://www.maxi.ca/original-macaroni-cheese-dinner/p/21549526_EA", "Sub Category": null, "English Name": "Original Macaroni & Cheese Dinner", "Size": "200 g", "Size Label": "ea"}, {"Category": "Easy Meals & Sides", "Aisle": "Pantry", "Sku": "21529753_EA", "Regular Price": "None", "Sale Price": "1.50", "Image": "https://assets.shop.loblaws.ca/products/21529753/b1/en/front/21529753_front_a01_@2.png", "Brand": "President's Choice", "Url": "https://www.maxi.ca/white-cheddar-deluxe-macaroni-and-cheese-dinner/p/21529753_EA", "Sub Category": null, "English Name": "White Cheddar Deluxe Macaroni and Cheese Dinner", "Size": "200 g", "Size Label": "ea"}, {"Category": "Easy Meals & Sides", "Aisle": "Pantry", "Sku": "21550825_EA", "Regular Price": "None", "Sale Price": "12.99", "Image": "https://assets.shop.loblaws.ca/products/21550825/b1/en/front/21550825_front_a01_@2.png", "Brand": "Kraft", "Url": "https://www.maxi.ca/original-macaroni-cheese-dinner-12-pack/p/21550825_EA", "Sub Category": null, "English Name": "Original Macaroni & Cheese Dinner, 12-Pack", "Size": "2400 g", "Size Label": "ea"}, {"Category": "Easy Meals & Sides", "Aisle": "Pantry", "Sku": "20315085002_EA", "Regular Price": "3.49", "Sale Price": "2.99", "Image": "https://assets.shop.loblaws.ca/products/20315085002/b1/en/front/20315085002_front_a01_@2.png", "Brand": "Lipton", "Url": "https://www.maxi.ca/dry-soup-mix-chicken-noodle/p/20315085002_EA", "Sub Category": null, "English Name": "Dry Soup Mix Chicken Noodle", "Size": "338 g", "Size Label": "ea"}, {"Category": "Easy Meals & Sides", "Aisle": "Pantry", "Sku": "20296506002_EA", "Regular Price": "None", "Sale Price": "1.29", "Image": "https://assets.shop.loblaws.ca/products/20296506002/b1/en/front/20296506002_front_a01_@2.png", "Brand": "Mr Noodles", "Url": "https://www.maxi.ca/noodles-in-a-cup-chicken/p/20296506002_EA", "Sub Category": null, "English Name": "Noodles in a Cup, Chicken", "Size": "64 g", "Size Label": "ea"}, {"Category": "Easy Meals & Sides", "Aisle": "Pantry", "Sku": "20321430011_EA", "Regular Price": "2.49", "Sale Price": "1.69", "Image": "https://assets.shop.loblaws.ca/products/20321430011/b1/en/front/20321430011_front_a01_@2.png", "Brand": "Knorr", "Url": "https://www.maxi.ca/pasta-side-dish-creamy-bacon-carbonara/p/20321430011_EA", "Sub Category": null, "English Name": "Pasta Side Dish Creamy Bacon Carbonara", "Size": "134 g", "Size Label": "ea"}, {"Category": "Easy Meals & Sides", "Aisle": "Pantry", "Sku": "21099682_EA", "Regular Price": "None", "Sale Price": "2.00", "Image": "https://assets.shop.loblaws.ca/products/21099682/b1/en/front/21099682_front_a01_@2.png", "Brand": "No Name", "Url": "https://www.maxi.ca/onion-mix-for-soup-recipe-4-x-28g/p/21099682_EA", "Sub Category": null, "English Name": "Onion Mix for Soup & Recipe 4 x 28g", "Size": "28 g", "Size Label": "ea"}, {"Category": "Easy Meals & Sides", "Aisle": "Pantry", "Sku": "20310507001_EA", "Regular Price": "None", "Sale Price": "2.29", "Image": "https://assets.shop.loblaws.ca/products/20310507001/b1/en/front/20310507001_front_a01_@2.png", "Brand": "Stove Top", "Url": "https://www.maxi.ca/turkey-stuffing-mix/p/20310507001_EA", "Sub Category": null, "English Name": "Turkey Stuffing Mix", "Size": "120 g", "Size Label": "ea"}, {"Category": "Easy Meals & Sides", "Aisle": "Pantry", "Sku": "20315353001_EA", "Regular Price": "None", "Sale Price": "2.79", "Image": "https://assets.shop.loblaws.ca/products/20315353001/b1/en/front/20315353001_front_a01_@2.png", "Brand": "Betty Crocker", "Url": "https://www.maxi.ca/mashed-potatoes-butter-herb-8-servings/p/20315353001_EA", "Sub Category": null, "English Name": "Mashed Potatoes, Butter & Herb, 8 Servings", "Size": "215 g", "Size Label": "ea"}, {"Category": "Easy Meals & Sides", "Aisle": "Pantry", "Sku": "20298547001_EA", "Regular Price": "None", "Sale Price": "1.99", "Image": "https://assets.shop.loblaws.ca/products/20298547001/b1/en/front/20298547001_front_a01_@2.png", "Brand": "Kraft", "Url": "https://www.maxi.ca/original-macaroni-cheese-snack-cups/p/20298547001_EA", "Sub Category": null, "English Name": "Original Macaroni & Cheese Snack Cups", "Size": "58 g", "Size Label": "ea"}, {"Category": "Easy Meals & Sides", "Aisle": "Pantry", "Sku": "20315085003_EA", "Regular Price": "3.49", "Sale Price": "2.99", "Image": "https://assets.shop.loblaws.ca/products/20315085003/b1/en/front/20315085003_front_a01_@2.png", "Brand": "Lipton", "Url": "https://www.maxi.ca/soup-mix-great-onion/p/20315085003_EA", "Sub Category": null, "English Name": "Soup\u00a0Mix great Onion ", "Size": "113 g", "Size Label": "ea"}, {"Category": "Easy Meals & Sides", "Aisle": "Pantry", "Sku": "20321430007_EA", "Regular Price": "2.49", "Sale Price": "1.69", "Image": "https://assets.shop.loblaws.ca/products/20321430007/b1/en/front/20321430007_front_a01_@2.png", "Brand": "Knorr", "Url": "https://www.maxi.ca/pasta-side-dish-butter-herb/p/20321430007_EA", "Sub Category": null, "English Name": "Pasta Side Dish Butter & Herb ", "Size": "133 g", "Size Label": "ea"}, {"Category": "Easy Meals & Sides", "Aisle": "Pantry", "Sku": "20296506001_EA", "Regular Price": "None", "Sale Price": "1.29", "Image": "https://assets.shop.loblaws.ca/products/20296506001/b1/en/front/20296506001_front_a01_@2.png", "Brand": "Mr Noodles", "Url": "https://www.maxi.ca/noodles-in-a-cup-beef/p/20296506001_EA", "Sub Category": null, "English Name": "Noodles in a Cup, Beef", "Size": "64 g", "Size Label": "ea"}, {"Category": "Easy Meals & Sides", "Aisle": "Pantry", "Sku": "20802664_EA", "Regular Price": "None", "Sale Price": "0.39", "Image": "https://assets.shop.loblaws.ca/products/20802664/b1/en/front/20802664_front_a01_@2.png", "Brand": "Maggi", "Url": "https://www.maxi.ca/noodles-masala/p/20802664_EA", "Sub Category": null, "English Name": "Noodles, Masala", "Size": "70 g", "Size Label": "ea"}, {"Category": "Easy Meals & Sides", "Aisle": "Pantry", "Sku": "20296506003_EA", "Regular Price": "None", "Sale Price": "1.29", "Image": "https://assets.shop.loblaws.ca/products/20296506003/b1/en/front/20296506003_front_a01_@2.png", "Brand": "Mr Noodles", "Url": "https://www.maxi.ca/noodles-in-a-cup-spicy-chicken/p/20296506003_EA", "Sub Category": null, "English Name": "Noodles in a Cup, Spicy Chicken", "Size": "64 g", "Size Label": "ea"}, {"Category": "Easy Meals & Sides", "Aisle": "Pantry", "Sku": "21549590_EA", "Regular Price": "None", "Sale Price": "2.29", "Image": "https://assets.shop.loblaws.ca/products/21549590/b1/en/front/21549590_front_a01_@2.png", "Brand": "Kraft", "Url": "https://www.maxi.ca/extra-creamy-macaroni-cheese-dinner/p/21549590_EA", "Sub Category": null, "English Name": "Extra Creamy Macaroni & Cheese Dinner", "Size": "175 g", "Size Label": "ea"}, {"Category": "Easy Meals & Sides", "Aisle": "Pantry", "Sku": "20321430012_EA", "Regular Price": "2.49", "Sale Price": "1.69", "Image": "https://assets.shop.loblaws.ca/products/20321430012/b1/en/front/20321430012_front_a01_@2.png", "Brand": "Knorr", "Url": "https://www.maxi.ca/sidekicks-pasta-side-dish-creamy-garlic-raffaello/p/20321430012_EA", "Sub Category": null, "English Name": "Sidekicks Pasta Side Dish Creamy Garlic Raffaello", "Size": "137 g", "Size Label": "ea"}, {"Category": "Easy Meals & Sides", "Aisle": "Pantry", "Sku": "20009598001_EA", "Regular Price": "None", "Sale Price": "2.29", "Image": "https://assets.shop.loblaws.ca/products/20009598001/b1/en/front/20009598001_front_a01_@2.png", "Brand": "Stove Top", "Url": "https://www.maxi.ca/chicken-stuffing-mix/p/20009598001_EA", "Sub Category": null, "English Name": "Chicken Stuffing Mix", "Size": "120 g", "Size Label": "ea"}, {"Category": "Easy Meals & Sides", "Aisle": "Pantry", "Sku": "20321430004_EA", "Regular Price": "2.49", "Sale Price": "1.69", "Image": "https://assets.shop.loblaws.ca/products/20321430004/b1/en/front/20321430004_front_a01_@2.png", "Brand": "Knorr", "Url": "https://www.maxi.ca/sidekicks-pasta-side-dish-creamy-parmesan/p/20321430004_EA", "Sub Category": null, "English Name": "Sidekicks Pasta Side Dish Creamy Parmesan ", "Size": "133 g", "Size Label": "ea"}, {"Category": "Easy Meals & Sides", "Aisle": "Pantry", "Sku": "20032441005_EA", "Regular Price": "None", "Sale Price": "1.59", "Image": "https://assets.shop.loblaws.ca/products/20032441005/b1/en/front/20032441005_front_a01_@2.png", "Brand": "Nong Shim", "Url": "https://www.maxi.ca/shin-brand-cup-noodle-oolongmen-shin/p/20032441005_EA", "Sub Category": null, "English Name": "Shin Brand Cup Noodle, Oolongmen Shin", "Size": "75 g", "Size Label": "ea"}, {"Category": "Easy Meals & Sides", "Aisle": "Pantry", "Sku": "20308188001_EA", "Regular Price": "None", "Sale Price": "2.29", "Image": "https://assets.shop.loblaws.ca/products/20308188001/b1/en/front/20308188001_front_a01_@2.png", "Brand": "Lipton", "Url": "https://www.maxi.ca/dry-soup-mix-chicken-noodle/p/20308188001_EA", "Sub Category": null, "English Name": "Dry Soup Mix Chicken Noodle ", "Size": "166 g", "Size Label": "ea"}, {"Category": "Easy Meals & Sides", "Aisle": "Pantry", "Sku": "20321430001_EA", "Regular Price": "2.49", "Sale Price": "1.69", "Image": "https://assets.shop.loblaws.ca/products/20321430001/b1/en/front/20321430001_front_a01_@2.png", "Brand": "Knorr", "Url": "https://www.maxi.ca/sidekicks-pasta-side-dish-fettuccine-alfredo/p/20321430001_EA", "Sub Category": null, "English Name": "Sidekicks Pasta Side Dish Fettuccine Alfredo ", "Size": "133 g", "Size Label": "ea"}, {"Category": "Easy Meals & Sides", "Aisle": "Pantry", "Sku": "20308188007_EA", "Regular Price": "None", "Sale Price": "2.29", "Image": "https://assets.shop.loblaws.ca/products/20308188007/b1/en/front/20308188007_front_a01_@2.png", "Brand": "Knorr", "Url": "https://www.maxi.ca/soup-mix-onion/p/20308188007_EA", "Sub Category": null, "English Name": "Soup Mix Onion ", "Size": "56 g", "Size Label": "ea"}, {"Category": "Easy Meals & Sides", "Aisle": "Pantry", "Sku": "20315353002_EA", "Regular Price": "None", "Sale Price": "2.79", "Image": "https://assets.shop.loblaws.ca/products/20315353002/b1/en/front/20315353002_front_a01_@2.png", "Brand": "Betty Crocker", "Url": "https://www.maxi.ca/roasted-garlic-mashed-potatoes/p/20315353002_EA", "Sub Category": null, "English Name": "Roasted Garlic Mashed Potatoes", "Size": "215 g", "Size Label": "ea"}, {"Category": "Easy Meals & Sides", "Aisle": "Pantry", "Sku": "21504161_EA", "Regular Price": "None", "Sale Price": "5.49", "Image": "https://assets.shop.loblaws.ca/products/21504161/b1/en/front/21504161_front_a01_@2.png", "Brand": "Nong Shim", "Url": "https://www.maxi.ca/shin-noodle-soup-ramyun-noodles-with-soup-mix-gour/p/21504161_EA", "Sub Category": null, "English Name": "Shin Noodle Soup Ramyun Noodles With Soup Mix Gourmet Spicy", "Size": "480 g", "Size Label": "ea"}, {"Category": "Easy Meals & Sides", "Aisle": "Pantry", "Sku": "20321430006_EA", "Regular Price": "2.49", "Sale Price": "1.69", "Image": "https://assets.shop.loblaws.ca/products/20321430006/b1/en/front/20321430006_front_a01_@2.png", "Brand": "Knorr", "Url": "https://www.maxi.ca/pasta-side-dish-sour-cream-chives/p/20321430006_EA", "Sub Category": null, "English Name": "Pasta Side Dish Sour Cream & Chives ", "Size": "133 g", "Size Label": "ea"}, {"Category": "Easy Meals & Sides", "Aisle": "Pantry", "Sku": "20301246002_EA", "Regular Price": "None", "Sale Price": "1.19", "Image": "https://assets.shop.loblaws.ca/products/20301246002/b1/en/front/20301246002_front_a01_@2.png", "Brand": "No Name", "Url": "https://www.maxi.ca/soup-cups-chicken/p/20301246002_EA", "Sub Category": null, "English Name": "Soup Cups, Chicken", "Size": "65 g", "Size Label": "ea"}, {"Category": "Easy Meals & Sides", "Aisle": "Pantry", "Sku": "20321430015_EA", "Regular Price": "2.49", "Sale Price": "1.69", "Image": "https://assets.shop.loblaws.ca/products/20321430015/b1/en/front/20321430015_front_a01_@2.png", "Brand": "Knorr", "Url": "https://www.maxi.ca/rice-side-dish-for-a-quick-rice-dish-cheddar-brocc/p/20321430015_EA", "Sub Category": null, "English Name": "Rice Side Dish for a quick rice dish Cheddar & Broccoli ", "Size": "133 g", "Size Label": "ea"}, {"Category": "Easy Meals & Sides", "Aisle": "Pantry", "Sku": "20321430017_EA", "Regular Price": "2.49", "Sale Price": "1.69", "Image": "https://assets.shop.loblaws.ca/products/20321430017/b1/en/front/20321430017_front_a01_@2.png", "Brand": "Knorr", "Url": "https://www.maxi.ca/sidekicks-pasta-side-dish-creamy-chicken-fusilli/p/20321430017_EA", "Sub Category": null, "English Name": "Sidekicks Pasta Side Dish Creamy\u00a0Chicken Fusilli ", "Size": "133 g", "Size Label": "ea"}, {"Category": "Easy Meals & Sides", "Aisle": "Pantry", "Sku": "21393426_EA", "Regular Price": "None", "Sale Price": "2.29", "Image": "https://assets.shop.loblaws.ca/products/21393426/b1/en/front/21393426_front_a01_@2.png", "Brand": "Kraft", "Url": "https://www.maxi.ca/kraft-dinner-unicorn-shapes/p/21393426_EA", "Sub Category": null, "English Name": "Kraft Dinner Unicorn Shapes", "Size": "156 g", "Size Label": "ea"}, {"Category": "Easy Meals & Sides", "Aisle": "Pantry", "Sku": "20321430005_EA", "Regular Price": "2.49", "Sale Price": "1.69", "Image": "https://assets.shop.loblaws.ca/products/20321430005/b1/en/front/20321430005_front_a01_@2.png", "Brand": "Knorr", "Url": "https://www.maxi.ca/pasta-side-dish-that-s-easy-to-prepare-chicken/p/20321430005_EA", "Sub Category": null, "English Name": "Pasta Side dish that's easy to prepare Chicken ", "Size": "133 g", "Size Label": "ea"}, {"Category": "Easy Meals & Sides", "Aisle": "Pantry", "Sku": "21504277_EA", "Regular Price": "None", "Sale Price": "1.49", "Image": "https://assets.shop.loblaws.ca/products/21504277/b1/en/front/21504277_front_a01_@2.png", "Brand": "Nong Shim", "Url": "https://www.maxi.ca/shin-noodles-with-soup-mix-gourmet-spicy/p/21504277_EA", "Sub Category": null, "English Name": "Shin Noodles With Soup Mix Gourmet Spicy", "Size": "120 g", "Size Label": "ea"}, {"Category": "Easy Meals & Sides", "Aisle": "Pantry", "Sku": "21067364_EA", "Regular Price": "2.49", "Sale Price": "1.69", "Image": "https://assets.shop.loblaws.ca/products/21067364/b1/en/front/21067364_front_a01_@2.png", "Brand": "Knorr", "Url": "https://www.maxi.ca/sidekicks-pasta-garlic-alfredo-fettuccine/p/21067364_EA", "Sub Category": null, "English Name": "Sidekicks Pasta Garlic Alfredo Fettuccine", "Size": "133 g", "Size Label": "ea"}, {"Category": "Easy Meals & Sides", "Aisle": "Pantry", "Sku": "20314754001_EA", "Regular Price": "None", "Sale Price": "2.29", "Image": "https://assets.shop.loblaws.ca/products/20314754001/b1/en/front/20314754001_front_a01_@2.png", "Brand": "Lipton", "Url": "https://www.maxi.ca/cup-a-soup-instant-soup-mix-chicken-noodle-supreme/p/20314754001_EA", "Sub Category": null, "English Name": "Cup-a-Soup Instant\u00a0Soup Mix Chicken\u00a0Noodle\u00a0Supreme low fat", "Size": "61 g", "Size Label": "ea"}, {"Category": "Easy Meals & Sides", "Aisle": "Pantry", "Sku": "20346960003_EA", "Regular Price": "None", "Sale Price": "2.00", "Image": "https://assets.shop.loblaws.ca/products/20346960003/b1/en/front/20346960003_front_a01_@2.png", "Brand": "Mr Noodles", "Url": "https://www.maxi.ca/noodles-in-a-bowl-spicy-chicken/p/20346960003_EA", "Sub Category": null, "English Name": "Noodles in a Bowl, Spicy Chicken", "Size": "110 g", "Size Label": "ea"}, {"Category": "Easy Meals & Sides", "Aisle": "Pantry", "Sku": "20301246001_EA", "Regular Price": "None", "Sale Price": "1.19", "Image": "https://assets.shop.loblaws.ca/products/20301246001/b1/en/front/20301246001_front_a01_@2.png", "Brand": "No Name", "Url": "https://www.maxi.ca/soup-cups-beef/p/20301246001_EA", "Sub Category": null, "English Name": "Soup Cups, Beef", "Size": "65 g", "Size Label": "ea"}, {"Category": "Easy Meals & Sides", "Aisle": "Pantry", "Sku": "20317814_EA", "Regular Price": "None", "Sale Price": "0.75", "Image": "https://assets.shop.loblaws.ca/products/20317814/b1/en/front/20317814_front_a01_@2.png", "Brand": "Mama", "Url": "https://www.maxi.ca/oriental-style-instant-noodles-shrimp/p/20317814_EA", "Sub Category": null, "English Name": "Oriental Style Instant Noodles, Shrimp", "Size": "60 g", "Size Label": "ea"}, {"Category": "Easy Meals & Sides", "Aisle": "Pantry", "Sku": "20315242004_EA", "Regular Price": "None", "Sale Price": "2.79", "Image": "https://assets.shop.loblaws.ca/products/20315242004/b1/en/front/20315242004_front_a01_@2.png", "Brand": "Betty Crocker", "Url": "https://www.maxi.ca/hamburger-helper-beef-noodle/p/20315242004_EA", "Sub Category": null, "English Name": "Hamburger Helper Beef Noodle", "Size": "200 g", "Size Label": "ea"}, {"Category": "Easy Meals & Sides", "Aisle": "Pantry", "Sku": "20321430034_EA", "Regular Price": "2.49", "Sale Price": "1.69", "Image": "https://assets.shop.loblaws.ca/products/20321430034/b1/en/front/20321430034_front_a01_@2.png", "Brand": "Knorr", "Url": "https://www.maxi.ca/sidekicks-pasta-side-dish-chicken-broccoli/p/20321430034_EA", "Sub Category": null, "English Name": "Sidekicks Pasta Side Dish Chicken & Broccoli ", "Size": "133 g", "Size Label": "ea"}, {"Category": "Easy Meals & Sides", "Aisle": "Pantry", "Sku": "20310507003_EA", "Regular Price": "None", "Sale Price": "2.29", "Image": "https://assets.shop.loblaws.ca/products/20310507003/b1/en/front/20310507003_front_a01_@2.png", "Brand": "Stove Top", "Url": "https://www.maxi.ca/chicken-stuffing-mix-low-sodium/p/20310507003_EA", "Sub Category": null, "English Name": "Chicken Stuffing Mix, Low Sodium", "Size": "120 g", "Size Label": "ea"}, {"Category": "Easy Meals & Sides", "Aisle": "Pantry", "Sku": "20297514002_EA", "Regular Price": "None", "Sale Price": "2.29", "Image": "https://assets.shop.loblaws.ca/products/20297514002/b1/en/front/20297514002_front_a01_@2.png", "Brand": "Knorr", "Url": "https://www.maxi.ca/soup-mix-cream-of-leek/p/20297514002_EA", "Sub Category": null, "English Name": "Soup Mix Cream of Leek", "Size": "77 g", "Size Label": "ea"}, {"Category": "Easy Meals & Sides", "Aisle": "Pantry", "Sku": "20740396_EA", "Regular Price": "None", "Sale Price": "2.29", "Image": "https://assets.shop.loblaws.ca/products/20740396/b1/en/front/20740396_front_a01_@2.png", "Brand": "Kraft", "Url": "https://www.maxi.ca/macaroni-cheese-spirals/p/20740396_EA", "Sub Category": null, "English Name": "Macaroni & Cheese Spirals", "Size": "175 g", "Size Label": "ea"}, {"Category": "Easy Meals & Sides", "Aisle": "Pantry", "Sku": "20976367_EA", "Regular Price": "None", "Sale Price": "2.29", "Image": "https://assets.shop.loblaws.ca/products/20976367/b1/en/front/20976367_front_a01_@2.png", "Brand": "Kraft", "Url": "https://www.maxi.ca/pasta-salad/p/20976367_EA", "Sub Category": null, "English Name": "Pasta Salad", "Size": "200 g", "Size Label": "ea"}, {"Category": "Easy Meals & Sides", "Aisle": "Pantry", "Sku": "20065872_EA", "Regular Price": "None", "Sale Price": "1.59", "Image": "https://assets.shop.loblaws.ca/products/20065872/b1/en/front/20065872_front_a01_@2.png", "Brand": "No Name", "Url": "https://www.maxi.ca/seasoned-stuffing-mix/p/20065872_EA", "Sub Category": null, "English Name": "Seasoned Stuffing Mix", "Size": "120 g", "Size Label": "ea"}, {"Category": "Easy Meals & Sides", "Aisle": "Pantry", "Sku": "20315242001_EA", "Regular Price": "None", "Sale Price": "2.79", "Image": "https://assets.shop.loblaws.ca/products/20315242001/b1/en/front/20315242001_front_a01_@2.png", "Brand": "Betty Crocker", "Url": "https://www.maxi.ca/hamburger-helper-lasagne/p/20315242001_EA", "Sub Category": null, "English Name": "Hamburger Helper Lasagne", "Size": "220 g", "Size Label": "ea"}, {"Category": "Easy Meals & Sides", "Aisle": "Pantry", "Sku": "20297514013_EA", "Regular Price": "None", "Sale Price": "2.29", "Image": "https://assets.shop.loblaws.ca/products/20297514013/b1/en/front/20297514013_front_a01_@2.png", "Brand": "Knorr", "Url": "https://www.maxi.ca/soup-mix-cream-of-broccoli/p/20297514013_EA", "Sub Category": null, "English Name": "Soup Mix Cream of Broccoli ", "Size": "52 g", "Size Label": "ea"}, {"Category": "Easy Meals & Sides", "Aisle": "Pantry", "Sku": "20725370_EA", "Regular Price": "None", "Sale Price": "1.99", "Image": "https://assets.shop.loblaws.ca/products/20725370/b1/en/front/20725370_front_a01_@2.png", "Brand": "Mr Noodles", "Url": "https://www.maxi.ca/pho-noodle-soup-chicken/p/20725370_EA", "Sub Category": null, "English Name": "Pho Noodle Soup, Chicken", "Size": "115 g", "Size Label": "ea"}, {"Category": "Easy Meals & Sides", "Aisle": "Pantry", "Sku": "20321430010_EA", "Regular Price": "2.49", "Sale Price": "1.69", "Image": "https://assets.shop.loblaws.ca/products/20321430010/b1/en/front/20321430010_front_a01_@2.png", "Brand": "Knorr", "Url": "https://www.maxi.ca/sidekicks-rice-vermicelli-harvest-chicken/p/20321430010_EA", "Sub Category": null, "English Name": "Sidekicks Rice & Vermicelli  Harvest Chicken ", "Size": "133 g", "Size Label": "ea"}, {"Category": "Easy Meals & Sides", "Aisle": "Pantry", "Sku": "21390921_EA", "Regular Price": "None", "Sale Price": "1.99", "Image": "https://assets.shop.loblaws.ca/products/21390921/b1/en/front/21390921_front_a01_@2.png", "Brand": "Cheetos", "Url": "https://www.maxi.ca/mac-n-cheese-bold-cheesy-pasta/p/21390921_EA", "Sub Category": null, "English Name": "Mac'N Cheese Bold & Cheesy Pasta", "Size": "170 g", "Size Label": "ea"}, {"Category": "Easy Meals & Sides", "Aisle": "Pantry", "Sku": "21529754_EA", "Regular Price": "None", "Sale Price": "0.99", "Image": "https://assets.shop.loblaws.ca/products/21529754/b1/en/front/21529754_front_a01_@2.png", "Brand": "No Name", "Url": "https://www.maxi.ca/macaroni-and-cheese-dinner/p/21529754_EA", "Sub Category": null, "English Name": "Macaroni and Cheese Dinner", "Size": "200 g", "Size Label": "ea"}, {"Category": "Easy Meals & Sides", "Aisle": "Pantry", "Sku": "20314754003_EA", "Regular Price": "None", "Sale Price": "2.29", "Image": "https://assets.shop.loblaws.ca/products/20314754003/b1/en/front/20314754003_front_a01_@2.png", "Brand": "Lipton", "Url": "https://www.maxi.ca/cup-a-soup-instant-noodles-soup-chicken-noodle/p/20314754003_EA", "Sub Category": null, "English Name": "Cup-a-Soup instant noodles soup Chicken Noodle ", "Size": "58 g", "Size Label": "ea"}, {"Category": "Easy Meals & Sides", "Aisle": "Pantry", "Sku": "20297514006_EA", "Regular Price": "None", "Sale Price": "2.29", "Image": "https://assets.shop.loblaws.ca/products/20297514006/b1/en/front/20297514006_front_a01_@2.png", "Brand": "Knorr", "Url": "https://www.maxi.ca/soup-mix-onion-no-artificial-colours-or-flavours/p/20297514006_EA", "Sub Category": null, "English Name": "Soup\u00a0Mix Onion No Artificial Colours Or Flavours", "Size": "55 g", "Size Label": "ea"}, {"Category": "Easy Meals & Sides", "Aisle": "Pantry", "Sku": "21527242_EA", "Regular Price": "None", "Sale Price": "1.99", "Image": "https://assets.shop.loblaws.ca/products/21527242/b1/en/front/21527242_front_a01_@2.png", "Brand": "Quaker", "Url": "https://www.maxi.ca/mac-n-cheese-pasta-with-sauce-4-cheesy-flavour/p/21527242_EA", "Sub Category": null, "English Name": "Mac'n Cheese Pasta With Sauce 4 Cheesy Flavour", "Size": "170 g", "Size Label": "ea"}, {"Category": "Easy Meals & Sides", "Aisle": "Pantry", "Sku": "21390928_EA", "Regular Price": "None", "Sale Price": "1.99", "Image": "https://assets.shop.loblaws.ca/products/21390928/b1/en/front/21390928_front_a01_@2.png", "Brand": "Cheetos", "Url": "https://www.maxi.ca/mac-n-cheese-cheesy-jalape-o-pasta/p/21390928_EA", "Sub Category": null, "English Name": "Mac'N Cheese Cheesy Jalape\u00f1o Pasta", "Size": "164 g", "Size Label": "ea"}, {"Category": "Easy Meals & Sides", "Aisle": "Pantry", "Sku": "20026331_EA", "Regular Price": "None", "Sale Price": "2.00", "Image": "https://assets.shop.loblaws.ca/products/20026331/b1/en/front/20026331_front_a01_@2.png", "Brand": "No Name", "Url": "https://www.maxi.ca/soup-mix-chicken-noodle/p/20026331_EA", "Sub Category": null, "English Name": "Soup Mix Chicken Noodle", "Size": "4x83.0 g", "Size Label": "ea"}, {"Category": "Easy Meals & Sides", "Aisle": "Pantry", "Sku": "21077072_EA", "Regular Price": "None", "Sale Price": "8.99", "Image": "https://assets.shop.loblaws.ca/products/21077072/b1/en/front/21077072_front_a01_@2.png", "Brand": "President's Choice", "Url": "https://www.maxi.ca/couscous/p/21077072_EA", "Sub Category": null, "English Name": "Couscous", "Size": "1.8 kg", "Size Label": "ea"}, {"Category": "Easy Meals & Sides", "Aisle": "Pantry", "Sku": "20321430023_EA", "Regular Price": "2.49", "Sale Price": "1.69", "Image": "https://assets.shop.loblaws.ca/products/20321430023/b1/en/front/20321430023_front_a01_@2.png", "Brand": "Knorr", "Url": "https://www.maxi.ca/noodles-side-dish-quick-and-easy-to-prepare-honey/p/20321430023_EA", "Sub Category": null, "English Name": "Noodles Side Dish quick and easy to prepare Honey Garlic ", "Size": "162 g", "Size Label": "ea"}, {"Category": "Easy Meals & Sides", "Aisle": "Pantry", "Sku": "20296518004_EA", "Regular Price": "None", "Sale Price": "2.79", "Image": "https://assets.shop.loblaws.ca/products/20296518004/b1/en/front/20296518004_front_a01_@2.png", "Brand": "Betty Crocker", "Url": "https://www.maxi.ca/scalloped-potatoes-country-cut-cheddar/p/20296518004_EA", "Sub Category": null, "English Name": "Scalloped Potatoes, Country Cut Cheddar", "Size": "142 g", "Size Label": "ea"}, {"Category": "Easy Meals & Sides", "Aisle": "Pantry", "Sku": "20321430032_EA", "Regular Price": "2.49", "Sale Price": "1.69", "Image": "https://assets.shop.loblaws.ca/products/20321430032/b1/en/front/20321430032_front_a01_@2.png", "Brand": "Knorr", "Url": "https://www.maxi.ca/side-dishes-mexican-rice/p/20321430032_EA", "Sub Category": null, "English Name": "Side Dishes Mexican Rice ", "Size": "133 g", "Size Label": "ea"}, {"Category": "Easy Meals & Sides", "Aisle": "Pantry", "Sku": "20147076001_EA", "Regular Price": "None", "Sale Price": "2.00", "Image": "https://assets.shop.loblaws.ca/products/20147076001/b1/en/front/20147076001_front_a01_@2.png", "Brand": "President's Choice", "Url": "https://www.maxi.ca/couscous/p/20147076001_EA", "Sub Category": null, "English Name": "Couscous", "Size": "340 g", "Size Label": "ea"}, {"Category": "Easy Meals & Sides", "Aisle": "Pantry", "Sku": "20321430024_EA", "Regular Price": "2.49", "Sale Price": "1.69", "Image": "https://assets.shop.loblaws.ca/products/20321430024/b1/en/front/20321430024_front_a01_@2.png", "Brand": "Knorr", "Url": "https://www.maxi.ca/sidekicks-rice-vermicelli-chicken-fried-rice/p/20321430024_EA", "Sub Category": null, "English Name": "Sidekicks Rice & Vermicelli Chicken Fried Rice", "Size": "133 g", "Size Label": "ea"}, {"Category": "Easy Meals & Sides", "Aisle": "Pantry", "Sku": "20301246003_EA", "Regular Price": "None", "Sale Price": "1.19", "Image": "https://assets.shop.loblaws.ca/products/20301246003/b1/en/front/20301246003_front_a01_@2.png", "Brand": "No Name", "Url": "https://www.maxi.ca/shrimp-flavour-instant-noodle-soup/p/20301246003_EA", "Sub Category": null, "English Name": "Shrimp Flavour Instant Noodle Soup", "Size": "65 g", "Size Label": "ea"}, {"Category": "Easy Meals & Sides", "Aisle": "Pantry", "Sku": "20297514001_EA", "Regular Price": "None", "Sale Price": "2.29", "Image": "https://assets.shop.loblaws.ca/products/20297514001/b1/en/front/20297514001_front_a01_@2.png", "Brand": "Knorr", "Url": "https://www.maxi.ca/soup-mix-vegetable/p/20297514001_EA", "Sub Category": null, "English Name": "Soup Mix Vegetable", "Size": "40 g", "Size Label": "ea"}, {"Category": "Pasta & Pasta Sauce", "Aisle": "Pantry", "Sku": "20118094_EA", "Regular Price": "None", "Sale Price": "1.00", "Image": "https://assets.shop.loblaws.ca/products/20118094/b1/en/front/20118094_front_a01_@2.png", "Brand": "No Name", "Url": "https://www.maxi.ca/tomato-paste/p/20118094_EA", "Sub Category": null, "English Name": "Tomato Paste", "Size": "156 ml", "Size Label": "ea"}, {"Category": "Pasta & Pasta Sauce", "Aisle": "Pantry", "Sku": "20000527_EA", "Regular Price": "None", "Sale Price": "1.29", "Image": "https://assets.shop.loblaws.ca/products/20000527/b1/en/front/20000527_front_a01_@2.png", "Brand": "Unico", "Url": "https://www.maxi.ca/tomato-paste/p/20000527_EA", "Sub Category": null, "English Name": "Tomato Paste", "Size": "156 ml", "Size Label": "ea"}, {"Category": "Pasta & Pasta Sauce", "Aisle": "Pantry", "Sku": "20315613003_EA", "Regular Price": "None", "Sale Price": "2.29", "Image": "https://assets.shop.loblaws.ca/products/20315613003/b1/en/front/20315613003_front_a01_@2.png", "Brand": "No Name", "Url": "https://www.maxi.ca/elbow-macaroni-pasta/p/20315613003_EA", "Sub Category": null, "English Name": "Elbow Macaroni Pasta", "Size": "900 g", "Size Label": "ea"}, {"Category": "Pasta & Pasta Sauce", "Aisle": "Pantry", "Sku": "20131344005_EA", "Regular Price": "None", "Sale Price": "4.29", "Image": "https://assets.shop.loblaws.ca/products/20131344005/b1/en/front/20131344005_front_a01_@2.png", "Brand": "President's Choice", "Url": "https://www.maxi.ca/marinara-pasta-sauce/p/20131344005_EA", "Sub Category": null, "English Name": "Marinara Pasta Sauce", "Size": "650 ml", "Size Label": "ea"}, {"Category": "Pasta & Pasta Sauce", "Aisle": "Pantry", "Sku": "20323101001_EA", "Regular Price": "None", "Sale Price": "3.29", "Image": "https://assets.shop.loblaws.ca/products/20323101001/b1/en/front/20323101001_front_a01_@2.png", "Brand": "Classico", "Url": "https://www.maxi.ca/tomato-basil-spaghetti-pasta-sauce/p/20323101001_EA", "Sub Category": null, "English Name": "Tomato & Basil Spaghetti Pasta Sauce", "Size": "650 ml", "Size Label": "ea"}, {"Category": "Pasta & Pasta Sauce", "Aisle": "Pantry", "Sku": "20315613001_EA", "Regular Price": "None", "Sale Price": "2.29", "Image": "https://assets.shop.loblaws.ca/products/20315613001/b1/en/front/20315613001_front_a01_@2.png", "Brand": "No Name", "Url": "https://www.maxi.ca/spaghettini-pasta/p/20315613001_EA", "Sub Category": null, "English Name": "Spaghettini Pasta", "Size": "900 g", "Size Label": "ea"}, {"Category": "Pasta & Pasta Sauce", "Aisle": "Pantry", "Sku": "20056697_EA", "Regular Price": "None", "Sale Price": "1.50", "Image": "https://assets.shop.loblaws.ca/products/20056697/b1/en/front/20056697_front_a01_@2.png", "Brand": "No Name", "Url": "https://www.maxi.ca/pure-tomato-paste/p/20056697_EA", "Sub Category": null, "English Name": "Pure Tomato Paste", "Size": "369 ml", "Size Label": "ea"}, {"Category": "Pasta & Pasta Sauce", "Aisle": "Pantry", "Sku": "20315613006_EA", "Regular Price": "None", "Sale Price": "2.29", "Image": "https://assets.shop.loblaws.ca/products/20315613006/b1/en/front/20315613006_front_a01_@2.png", "Brand": "No Name", "Url": "https://www.maxi.ca/penne-rigate-pasta/p/20315613006_EA", "Sub Category": null, "English Name": "Penne Rigate Pasta", "Size": "900 g", "Size Label": "ea"}, {"Category": "Pasta & Pasta Sauce", "Aisle": "Pantry", "Sku": "20323101006_EA", "Regular Price": "None", "Sale Price": "3.29", "Image": "https://assets.shop.loblaws.ca/products/20323101006/b1/en/front/20323101006_front_a01_@2.png", "Brand": "Classico", "Url": "https://www.maxi.ca/four-cheese-spaghetti-pasta-sauce/p/20323101006_EA", "Sub Category": null, "English Name": "Four Cheese Spaghetti Pasta Sauce", "Size": "650 ml", "Size Label": "ea"}, {"Category": "Pasta & Pasta Sauce", "Aisle": "Pantry", "Sku": "20186075001_EA", "Regular Price": "None", "Sale Price": "1.49", "Image": "https://assets.shop.loblaws.ca/products/20186075001/b1/en/front/20186075001_front_a01_@2.png", "Brand": "Hunt's", "Url": "https://www.maxi.ca/tomato-paste/p/20186075001_EA", "Sub Category": null, "English Name": "Tomato Paste", "Size": "156 ml", "Size Label": "ea"}, {"Category": "Pasta & Pasta Sauce", "Aisle": "Pantry", "Sku": "20131344009_EA", "Regular Price": "None", "Sale Price": "4.29", "Image": "https://assets.shop.loblaws.ca/products/20131344009/b1/en/front/20131344009_front_a01_@2.png", "Brand": "President's Choice", "Url": "https://www.maxi.ca/sweet-basil-pasta-sauce/p/20131344009_EA", "Sub Category": null, "English Name": "Sweet Basil Pasta Sauce", "Size": "650 ml", "Size Label": "ea"}, {"Category": "Pasta & Pasta Sauce", "Aisle": "Pantry", "Sku": "21404963_EA", "Regular Price": "2.49", "Sale Price": "2.29", "Image": "https://assets.shop.loblaws.ca/products/21404963/b1/en/front/21404963_front_a01_@2.png", "Brand": "Barilla", "Url": "https://www.maxi.ca/rotini-pasta/p/21404963_EA", "Sub Category": null, "English Name": "Rotini Pasta", "Size": "410 g", "Size Label": "ea"}, {"Category": "Pasta & Pasta Sauce", "Aisle": "Pantry", "Sku": "20112273001_EA", "Regular Price": "None", "Sale Price": "1.50", "Image": "https://assets.shop.loblaws.ca/products/20112273001/b1/en/front/20112273001_front_a01_@2.png", "Brand": "Unico", "Url": "https://www.maxi.ca/pizza-sauce-regular/p/20112273001_EA", "Sub Category": null, "English Name": "Pizza Sauce, Regular", "Size": "213 ml", "Size Label": "ea"}, {"Category": "Pasta & Pasta Sauce", "Aisle": "Pantry", "Sku": "21404912_EA", "Regular Price": "2.49", "Sale Price": "2.29", "Image": "https://assets.shop.loblaws.ca/products/21404912/b1/en/front/21404912_front_a01_@2.png", "Brand": "Barilla", "Url": "https://www.maxi.ca/pasta-spaghetti/p/21404912_EA", "Sub Category": null, "English Name": "Pasta Spaghetti", "Size": "410 g", "Size Label": "ea"}, {"Category": "Pasta & Pasta Sauce", "Aisle": "Pantry", "Sku": "21404904_EA", "Regular Price": "2.49", "Sale Price": "2.29", "Image": "https://assets.shop.loblaws.ca/products/21404904/b1/en/front/21404904_front_a01_@2.png", "Brand": "Barilla", "Url": "https://www.maxi.ca/farfalle-pasta/p/21404904_EA", "Sub Category": null, "English Name": "Farfalle Pasta", "Size": "410 g", "Size Label": "ea"}, {"Category": "Pasta & Pasta Sauce", "Aisle": "Pantry", "Sku": "20325609003_EA", "Regular Price": "None", "Sale Price": "3.29", "Image": "https://assets.shop.loblaws.ca/products/20325609003/b1/en/front/20325609003_front_a01_@2.png", "Brand": "Classico", "Url": "https://www.maxi.ca/alfredo-spaghetti-pasta-sauce/p/20325609003_EA", "Sub Category": null, "English Name": "Alfredo Spaghetti Pasta Sauce", "Size": "410 ml", "Size Label": "ea"}, {"Category": "Pasta & Pasta Sauce", "Aisle": "Pantry", "Sku": "20120683_EA", "Regular Price": "None", "Sale Price": "2.00", "Image": "https://assets.shop.loblaws.ca/products/20120683/b1/en/front/20120683_front_a01_@2.png", "Brand": "No Name", "Url": "https://www.maxi.ca/tomato-sauce/p/20120683_EA", "Sub Category": null, "English Name": "Tomato Sauce    ", "Size": "680 ml", "Size Label": "ea"}, {"Category": "Pasta & Pasta Sauce", "Aisle": "Pantry", "Sku": "20008721_EA", "Regular Price": "None", "Sale Price": "2.49", "Image": "https://assets.shop.loblaws.ca/products/20008721/b1/en/front/20008721_front_a01_@2.png", "Brand": "Hunt's", "Url": "https://www.maxi.ca/tomato-sauce/p/20008721_EA", "Sub Category": null, "English Name": "Tomato Sauce", "Size": "680 ml", "Size Label": "ea"}, {"Category": "Pasta & Pasta Sauce", "Aisle": "Pantry", "Sku": "20018020_EA", "Regular Price": "None", "Sale Price": "1.29", "Image": "https://assets.shop.loblaws.ca/products/20018020/b1/en/front/20018020_front_a01_@2.png", "Brand": "No Name", "Url": "https://www.maxi.ca/pizza-sauce/p/20018020_EA", "Sub Category": null, "English Name": "Pizza Sauce", "Size": "213 ml", "Size Label": "ea"}, {"Category": "Pasta & Pasta Sauce", "Aisle": "Pantry", "Sku": "20325609001_EA", "Regular Price": "None", "Sale Price": "3.29", "Image": "https://assets.shop.loblaws.ca/products/20325609001/b1/en/front/20325609001_front_a01_@2.png", "Brand": "Classico", "Url": "https://www.maxi.ca/roasted-garlic-spaghetti-alfredo-sauce/p/20325609001_EA", "Sub Category": null, "English Name": "Roasted Garlic Spaghetti Alfredo Sauce", "Size": "410 ml", "Size Label": "ea"}, {"Category": "Pasta & Pasta Sauce", "Aisle": "Pantry", "Sku": "20296852001_EA", "Regular Price": "2.49", "Sale Price": "2.00", "Image": "https://assets.shop.loblaws.ca/products/20296852001/b1/en/front/20296852001_front_a01_@2.png", "Brand": "Hunt's", "Url": "https://www.maxi.ca/thick-rich-original-sauce/p/20296852001_EA", "Sub Category": null, "English Name": "Thick & Rich, Original Sauce", "Size": "680 ml", "Size Label": "ea"}, {"Category": "Pasta & Pasta Sauce", "Aisle": "Pantry", "Sku": "20323261_EA", "Regular Price": "None", "Sale Price": "2.99", "Image": "https://assets.shop.loblaws.ca/products/20323261/b1/en/front/20323261_front_a01_@2.png", "Brand": "No Name", "Url": "https://www.maxi.ca/oven-ready-lasagna-pasta/p/20323261_EA", "Sub Category": null, "English Name": "Oven-ready Lasagna Pasta", "Size": "375 g", "Size Label": "ea"}, {"Category": "Pasta & Pasta Sauce", "Aisle": "Pantry", "Sku": "20320838002_EA", "Regular Price": "None", "Sale Price": "4.29", "Image": "https://assets.shop.loblaws.ca/products/20320838002/b1/en/front/20320838002_front_a01_@2.png", "Brand": "President's Choice", "Url": "https://www.maxi.ca/roasted-garlic-alfredo-pasta-sauce/p/20320838002_EA", "Sub Category": null, "English Name": "Roasted Garlic Alfredo Pasta Sauce", "Size": "410 ml", "Size Label": "ea"}, {"Category": "Pasta & Pasta Sauce", "Aisle": "Pantry", "Sku": "20323101002_EA", "Regular Price": "None", "Sale Price": "3.29", "Image": "https://assets.shop.loblaws.ca/products/20323101002/b1/en/front/20323101002_front_a01_@2.png", "Brand": "Classico", "Url": "https://www.maxi.ca/italian-sausage/p/20323101002_EA", "Sub Category": null, "English Name": "Italian Sausage", "Size": "650 ml", "Size Label": "ea"}, {"Category": "Pasta & Pasta Sauce", "Aisle": "Pantry", "Sku": "21439286_EA", "Regular Price": "2.79", "Sale Price": "2.29", "Image": "https://assets.shop.loblaws.ca/products/21439286/b1/en/front/21439286_front_a01_@2.png", "Brand": "No Yolks", "Url": "https://www.maxi.ca/extra-broad-cholesterol-free-egg-white-noodles/p/21439286_EA", "Sub Category": null, "English Name": "Extra Broad Cholesterol-Free Egg White Noodles", "Size": "340 g", "Size Label": "ea"}, {"Category": "Pasta & Pasta Sauce", "Aisle": "Pantry", "Sku": "20315613010_EA", "Regular Price": "None", "Sale Price": "2.29", "Image": "https://assets.shop.loblaws.ca/products/20315613010/b1/en/front/20315613010_front_a01_@2.png", "Brand": "No Name", "Url": "https://www.maxi.ca/fusilli-pasta/p/20315613010_EA", "Sub Category": null, "English Name": "Fusilli Pasta", "Size": "900 g", "Size Label": "ea"}, {"Category": "Pasta & Pasta Sauce", "Aisle": "Pantry", "Sku": "20354811_EA", "Regular Price": "None", "Sale Price": "2.99", "Image": "https://assets.shop.loblaws.ca/products/20354811/b1/en/front/20354811_front_a01_@2.png", "Brand": "President's Choice", "Url": "https://www.maxi.ca/udon-noodles/p/20354811_EA", "Sub Category": null, "English Name": "Udon Noodles", "Size": "800 g", "Size Label": "ea"}, {"Category": "Pasta & Pasta Sauce", "Aisle": "Pantry", "Sku": "21405047_EA", "Regular Price": "2.49", "Sale Price": "2.29", "Image": "https://assets.shop.loblaws.ca/products/21405047/b1/en/front/21405047_front_a01_@2.png", "Brand": "Barilla", "Url": "https://www.maxi.ca/spaghettini-pasta/p/21405047_EA", "Sub Category": null, "English Name": "Spaghettini Pasta", "Size": "410 g", "Size Label": "ea"}, {"Category": "Pasta & Pasta Sauce", "Aisle": "Pantry", "Sku": "20320838001_EA", "Regular Price": "None", "Sale Price": "4.29", "Image": "https://assets.shop.loblaws.ca/products/20320838001/b1/en/front/20320838001_front_a01_@2.png", "Brand": "President's Choice", "Url": "https://www.maxi.ca/alfredo-pasta-sauce/p/20320838001_EA", "Sub Category": null, "English Name": "Alfredo Pasta Sauce", "Size": "410 ml", "Size Label": "ea"}, {"Category": "Pasta & Pasta Sauce", "Aisle": "Pantry", "Sku": "20296852002_EA", "Regular Price": "2.49", "Sale Price": "2.00", "Image": "https://assets.shop.loblaws.ca/products/20296852002/b1/en/front/20296852002_front_a01_@2.png", "Brand": "Hunt's", "Url": "https://www.maxi.ca/thick-rich-pasta-sauce-four-cheese/p/20296852002_EA", "Sub Category": null, "English Name": "Thick & Rich Pasta Sauce, Four Cheese", "Size": "680 ml", "Size Label": "ea"}, {"Category": "Pasta & Pasta Sauce", "Aisle": "Pantry", "Sku": "20325609004_EA", "Regular Price": "None", "Sale Price": "3.29", "Image": "https://assets.shop.loblaws.ca/products/20325609004/b1/en/front/20325609004_front_a01_@2.png", "Brand": "Classico", "Url": "https://www.maxi.ca/four-cheese-alfredo-spaghetti-pasta-sauce/p/20325609004_EA", "Sub Category": null, "English Name": "Four Cheese Alfredo Spaghetti Pasta Sauce", "Size": "410 ml", "Size Label": "ea"}, {"Category": "Pasta & Pasta Sauce", "Aisle": "Pantry", "Sku": "20095184001_EA", "Regular Price": "None", "Sale Price": "2.69", "Image": "https://assets.shop.loblaws.ca/products/20095184001/b1/en/front/20095184001_front_a01_@2.png", "Brand": "Catelli", "Url": "https://www.maxi.ca/garden-select-tomato-basil-pasta-sauce/p/20095184001_EA", "Sub Category": null, "English Name": "Garden Select Tomato & Basil Pasta Sauce", "Size": "640 ml", "Size Label": "ea"}, {"Category": "Pasta & Pasta Sauce", "Aisle": "Pantry", "Sku": "20299886001_EA", "Regular Price": "None", "Sale Price": "2.00", "Image": "https://assets.shop.loblaws.ca/products/20299886001/b1/en/front/20299886001_front_a01_@2.png", "Brand": "No Name", "Url": "https://www.maxi.ca/original-pasta-sauce/p/20299886001_EA", "Sub Category": null, "English Name": "Original Pasta Sauce", "Size": "680 ml", "Size Label": "ea"}, {"Category": "Pasta & Pasta Sauce", "Aisle": "Pantry", "Sku": "21515800_EA", "Regular Price": "2.49", "Sale Price": "2.29", "Image": "https://assets.shop.loblaws.ca/products/21515800/b1/en/front/21515800_front_a01_@2.png", "Brand": "Barilla", "Url": "https://www.maxi.ca/cut-macoroni-pasta/p/21515800_EA", "Sub Category": null, "English Name": "Cut Macoroni Pasta", "Size": "410 g", "Size Label": "ea"}, {"Category": "Pasta & Pasta Sauce", "Aisle": "Pantry", "Sku": "21521168_EA", "Regular Price": "None", "Sale Price": "4.29", "Image": "https://assets.shop.loblaws.ca/products/21521168/b1/en/front/21521168_front_a01_@2.png", "Brand": "Ziggy's", "Url": "https://www.maxi.ca/rainbow-cheese-tortellini-small/p/21521168_EA", "Sub Category": null, "English Name": "Rainbow Cheese Tortellini, Small", "Size": "350 g", "Size Label": "ea"}, {"Category": "Pasta & Pasta Sauce", "Aisle": "Pantry", "Sku": "20016661_EA", "Regular Price": "None", "Sale Price": "2.99", "Image": "https://assets.shop.loblaws.ca/products/20016661/b1/en/front/20016661_front_a01_@2.png", "Brand": "Molisana", "Url": "https://www.maxi.ca/passata-di-pomodoro-strained-tomatoes/p/20016661_EA", "Sub Category": null, "English Name": "Passata Di Pomodoro Strained Tomatoes", "Size": "680 ml", "Size Label": "ea"}, {"Category": "Pasta & Pasta Sauce", "Aisle": "Pantry", "Sku": "20093190_EA", "Regular Price": "None", "Sale Price": "2.99", "Image": "https://assets.shop.loblaws.ca/products/20093190/b1/en/front/20093190_front_a01_@2.png", "Brand": "No Name", "Url": "https://www.maxi.ca/lasagna-pasta/p/20093190_EA", "Sub Category": null, "English Name": "Lasagna Pasta", "Size": "500 g", "Size Label": "ea"}, {"Category": "Pasta & Pasta Sauce", "Aisle": "Pantry", "Sku": "20023601001_EA", "Regular Price": "None", "Sale Price": "2.49", "Image": "https://assets.shop.loblaws.ca/products/20023601001/b1/en/front/20023601001_front_a01_@2.png", "Brand": "Hunt's", "Url": "https://www.maxi.ca/italian-tomato-sauce-onion-herbs-and-spices/p/20023601001_EA", "Sub Category": null, "English Name": "Italian Tomato Sauce, Onion, Herbs, and Spices", "Size": "680 ml", "Size Label": "ea"}, {"Category": "Pasta & Pasta Sauce", "Aisle": "Pantry", "Sku": "21444583_EA", "Regular Price": "None", "Sale Price": "6.99", "Image": "https://assets.shop.loblaws.ca/products/21444583/b1/en/front/21444583_front_a01_@2.png", "Brand": "Le Grand", "Url": "https://www.maxi.ca/garden-a-vibrant-mix-of-fresh-basil-parsley-lemon/p/21444583_EA", "Sub Category": null, "English Name": "Garden A Vibrant Mix Of Fresh Basil, Parsley & Lemon  Pesto", "Size": "170 g", "Size Label": "ea"}, {"Category": "Pasta & Pasta Sauce", "Aisle": "Pantry", "Sku": "20632576_EA", "Regular Price": "None", "Sale Price": "2.50", "Image": "https://assets.shop.loblaws.ca/products/20632576/b1/en/front/20632576_front_a01_@2.png", "Brand": "Catelli", "Url": "https://www.maxi.ca/whole-grains-lasagne-pasta/p/20632576_EA", "Sub Category": null, "English Name": "Whole Grains, Lasagne Pasta", "Size": "375 g", "Size Label": "ea"}, {"Category": "Pasta & Pasta Sauce", "Aisle": "Pantry", "Sku": "20310881_EA", "Regular Price": "None", "Sale Price": "7.99", "Image": "https://assets.shop.loblaws.ca/products/20310881/b1/en/front/20310881_front_a01_@2.png", "Brand": "Olivieri", "Url": "https://www.maxi.ca/pasta-sauce-alfredo-herb/p/20310881_EA", "Sub Category": null, "English Name": "Pasta Sauce, Alfredo Herb ", "Size": "600 ml", "Size Label": "ea"}, {"Category": "Pasta & Pasta Sauce", "Aisle": "Pantry", "Sku": "21001581_EA", "Regular Price": "None", "Sale Price": "2.50", "Image": "https://assets.shop.loblaws.ca/products/21001581/b1/en/front/21001581_front_a01_@2.png", "Brand": "President's Choice", "Url": "https://www.maxi.ca/fusilli-pasta/p/21001581_EA", "Sub Category": null, "English Name": "Fusilli Pasta", "Size": "454 g", "Size Label": "ea"}, {"Category": "Pasta & Pasta Sauce", "Aisle": "Pantry", "Sku": "20324326_EA", "Regular Price": "None", "Sale Price": "2.49", "Image": "https://assets.shop.loblaws.ca/products/20324326/b1/en/front/20324326_front_a01_@2.png", "Brand": "Catelli", "Url": "https://www.maxi.ca/classic-long-macaroni-pasta/p/20324326_EA", "Sub Category": null, "English Name": "Classic, Long Macaroni Pasta", "Size": "454 g", "Size Label": "ea"}, {"Category": "Pasta & Pasta Sauce", "Aisle": "Pantry", "Sku": "20315642003_EA", "Regular Price": "None", "Sale Price": "2.49", "Image": "https://assets.shop.loblaws.ca/products/20315642003/b1/en/front/20315642003_front_a01_@2.png", "Brand": "Catelli", "Url": "https://www.maxi.ca/classic-fusilli-pasta/p/20315642003_EA", "Sub Category": null, "English Name": "Classic, Fusilli Pasta", "Size": "500 g", "Size Label": "ea"}, {"Category": "Pasta & Pasta Sauce", "Aisle": "Pantry", "Sku": "20315642002_EA", "Regular Price": "None", "Sale Price": "2.49", "Image": "https://assets.shop.loblaws.ca/products/20315642002/b1/en/front/20315642002_front_a01_@2.png", "Brand": "Catelli", "Url": "https://www.maxi.ca/classic-penne-rigate-pasta/p/20315642002_EA", "Sub Category": null, "English Name": "Classic, Penne Rigate Pasta", "Size": "500 g", "Size Label": "ea"}, {"Category": "Pasta & Pasta Sauce", "Aisle": "Pantry", "Sku": "21548439_EA", "Regular Price": "None", "Sale Price": "5.69", "Image": "https://assets.loblaws.ca/pcx_bronx_fe_assets/images/common/coming-soon-en-web.png", "Brand": "Olivieri", "Url": "https://www.maxi.ca/stix-skillet-gnocchi/p/21548439_EA", "Sub Category": null, "English Name": "Stix Skillet Gnocchi", "Size": "280 g", "Size Label": "ea"}, {"Category": "Pasta & Pasta Sauce", "Aisle": "Pantry", "Sku": "21040482_EA", "Regular Price": "None", "Sale Price": "3.79", "Image": "https://assets.shop.loblaws.ca/products/21040482/b1/en/front/21040482_front_a01_@2.png", "Brand": "PC Black Label", "Url": "https://www.maxi.ca/pizza-sauce/p/21040482_EA", "Sub Category": null, "English Name": "Pizza Sauce", "Size": "350 ml", "Size Label": "ea"}, {"Category": "Pasta & Pasta Sauce", "Aisle": "Pantry", "Sku": "20320036_EA", "Regular Price": "None", "Sale Price": "2.49", "Image": "https://assets.shop.loblaws.ca/products/20320036/b1/en/front/20320036_front_a01_@2.png", "Brand": "Catelli", "Url": "https://www.maxi.ca/classic-macaroni-pasta/p/20320036_EA", "Sub Category": null, "English Name": "Classic, Macaroni Pasta", "Size": "500 g", "Size Label": "ea"}, {"Category": "Pasta & Pasta Sauce", "Aisle": "Pantry", "Sku": "20320036_EA", "Regular Price": "None", "Sale Price": "2.49", "Image": "https://assets.shop.loblaws.ca/products/20320036/b1/en/front/20320036_front_a01_@2.png", "Brand": "Catelli", "Url": "https://www.maxi.ca/classic-macaroni-pasta/p/20320036_EA", "Sub Category": null, "English Name": "Classic, Macaroni Pasta", "Size": "500 g", "Size Label": "ea"}, {"Category": "Pasta & Pasta Sauce", "Aisle": "Pantry", "Sku": "20944943_EA", "Regular Price": "None", "Sale Price": "3.49", "Image": "https://assets.shop.loblaws.ca/products/20944943/b1/en/front/20944943_front_a01_@2.png", "Brand": "Catelli", "Url": "https://www.maxi.ca/supergreens-fusilli-pasta/p/20944943_EA", "Sub Category": null, "English Name": "SuperGreens, Fusilli Pasta", "Size": "300 g", "Size Label": "ea"}, {"Category": "Pasta & Pasta Sauce", "Aisle": "Pantry", "Sku": "20990567_EA", "Regular Price": "None", "Sale Price": "5.79", "Image": "https://assets.shop.loblaws.ca/products/20990567/b1/en/front/20990567_front_a01_@2.png", "Brand": "Mikes", "Url": "https://www.maxi.ca/italian-sausage/p/20990567_EA", "Sub Category": null, "English Name": "Italian Sausage", "Size": "700 ml", "Size Label": "ea"}, {"Category": "Pasta & Pasta Sauce", "Aisle": "Pantry", "Sku": "20798711_EA", "Regular Price": "None", "Sale Price": "2.99", "Image": "https://assets.shop.loblaws.ca/products/20798711/b1/en/front/20798711_front_a01_@2.png", "Brand": "Primo", "Url": "https://www.maxi.ca/fusilli/p/20798711_EA", "Sub Category": null, "English Name": "Fusilli", "Size": "750 g", "Size Label": "ea"}, {"Category": "Pasta & Pasta Sauce", "Aisle": "Pantry", "Sku": "20088224_EA", "Regular Price": "None", "Sale Price": "3.50", "Image": "https://assets.shop.loblaws.ca/products/20088224/b1/en/front/20088224_front_a01_@2.png", "Brand": "Primo", "Url": "https://www.maxi.ca/lasagna/p/20088224_EA", "Sub Category": null, "English Name": "Lasagna", "Size": "500 g", "Size Label": "ea"}, {"Category": "Pasta & Pasta Sauce", "Aisle": "Pantry", "Sku": "20006522001_EA", "Regular Price": "None", "Sale Price": "3.19", "Image": "https://assets.shop.loblaws.ca/products/20006522001/b1/en/front/20006522001_front_a01_@2.png", "Brand": "Gattuso", "Url": "https://www.maxi.ca/regular-pizza-sauce/p/20006522001_EA", "Sub Category": null, "English Name": "Regular Pizza Sauce", "Size": "398 ml", "Size Label": "ea"}, {"Category": "Pasta & Pasta Sauce", "Aisle": "Pantry", "Sku": "20798581_EA", "Regular Price": "None", "Sale Price": "2.99", "Image": "https://assets.shop.loblaws.ca/products/20798581/b1/en/front/20798581_front_a01_@2.png", "Brand": "Primo", "Url": "https://www.maxi.ca/spaghettini/p/20798581_EA", "Sub Category": null, "English Name": "Spaghettini", "Size": "750 g", "Size Label": "ea"}, {"Category": "Pasta & Pasta Sauce", "Aisle": "Pantry", "Sku": "21434874_EA", "Regular Price": "None", "Sale Price": "9.99", "Image": "https://assets.shop.loblaws.ca/products/21434874/b1/en/front/21434874_front_a01_@2.png", "Brand": "Olivieri", "Url": "https://www.maxi.ca/cheddar-bacon-family-size-skillet-gnocchi/p/21434874_EA", "Sub Category": null, "English Name": "Cheddar Bacon Family Size Skillet Gnocchi", "Size": "520 g", "Size Label": "ea"}, {"Category": "Pasta & Pasta Sauce", "Aisle": "Pantry", "Sku": "20798599_EA", "Regular Price": "None", "Sale Price": "2.99", "Image": "https://assets.shop.loblaws.ca/products/20798599/b1/en/front/20798599_front_a01_@2.png", "Brand": "Primo", "Url": "https://www.maxi.ca/rigatoni/p/20798599_EA", "Sub Category": null, "English Name": "Rigatoni", "Size": "750 g", "Size Label": "ea"}, {"Category": "Pasta & Pasta Sauce", "Aisle": "Pantry", "Sku": "20307509001_EA", "Regular Price": "None", "Sale Price": "4.49", "Image": "https://assets.shop.loblaws.ca/products/20307509001/b1/en/front/20307509001_front_a01_@2.png", "Brand": "Classico", "Url": "https://www.maxi.ca/pesto-di-genova-basil/p/20307509001_EA", "Sub Category": null, "English Name": "Pesto di Genova Basil", "Size": "218 ml", "Size Label": "ea"}, {"Category": "Pasta & Pasta Sauce", "Aisle": "Pantry", "Sku": "21439301_EA", "Regular Price": "2.79", "Sale Price": "2.29", "Image": "https://assets.shop.loblaws.ca/products/21439301/b1/en/front/21439301_front_a01_@2.png", "Brand": "No Yolks", "Url": "https://www.maxi.ca/broad-noodle/p/21439301_EA", "Sub Category": null, "English Name": "Broad Noodle", "Size": "340 g", "Size Label": "ea"}, {"Category": "Pasta & Pasta Sauce", "Aisle": "Pantry", "Sku": "20798716_EA", "Regular Price": "None", "Sale Price": "2.99", "Image": "https://assets.shop.loblaws.ca/products/20798716/b1/en/front/20798716_front_a01_@2.png", "Brand": "Primo", "Url": "https://www.maxi.ca/farfalle/p/20798716_EA", "Sub Category": null, "English Name": "Farfalle", "Size": "700 g", "Size Label": "ea"}, {"Category": "Pasta & Pasta Sauce", "Aisle": "Pantry", "Sku": "21238883_EA", "Regular Price": "None", "Sale Price": "5.79", "Image": "https://assets.shop.loblaws.ca/products/21238883/b1/en/front/21238883_front_a01_@2.png", "Brand": "Commensal", "Url": "https://www.maxi.ca/vegan-tomato-basil/p/21238883_EA", "Sub Category": null, "English Name": "Vegan Tomato & Basil   ", "Size": "650 ml", "Size Label": "ea"}, {"Category": "Pasta & Pasta Sauce", "Aisle": "Pantry", "Sku": "20112273002_EA", "Regular Price": "None", "Sale Price": "1.50", "Image": "https://assets.shop.loblaws.ca/products/20112273002/b1/en/front/20112273002_front_a01_@2.png", "Brand": "Unico", "Url": "https://www.maxi.ca/pizza-sauce-hot-spicy/p/20112273002_EA", "Sub Category": null, "English Name": "Pizza Sauce, Hot & Spicy", "Size": "213 ml", "Size Label": "ea"}, {"Category": "Pasta & Pasta Sauce", "Aisle": "Pantry", "Sku": "21087050_EA", "Regular Price": "None", "Sale Price": "3.29", "Image": "https://assets.shop.loblaws.ca/products/21087050/b1/en/front/21087050_front_a01_@2.png", "Brand": "Classico", "Url": "https://www.maxi.ca/traditional-pizza-sauce/p/21087050_EA", "Sub Category": null, "English Name": "Traditional Pizza Sauce", "Size": "410 ml", "Size Label": "ea"}, {"Category": "Pasta & Pasta Sauce", "Aisle": "Pantry", "Sku": "20095184007_EA", "Regular Price": "None", "Sale Price": "2.69", "Image": "https://assets.shop.loblaws.ca/products/20095184007/b1/en/front/20095184007_front_a01_@2.png", "Brand": "Catelli", "Url": "https://www.maxi.ca/garden-select-fine-herbs-pasta-sauce/p/20095184007_EA", "Sub Category": null, "English Name": "Garden Select Fine Herbs Pasta Sauce", "Size": "640 ml", "Size Label": "ea"}, {"Category": "Pasta & Pasta Sauce", "Aisle": "Pantry", "Sku": "20011488_EA", "Regular Price": "None", "Sale Price": "7.99", "Image": "https://assets.shop.loblaws.ca/products/20011488/b1/en/front/20011488_front_a01_@2.png", "Brand": "Olivieri", "Url": "https://www.maxi.ca/pasta-sauce-creamy-rose/p/20011488_EA", "Sub Category": null, "English Name": "Pasta Sauce, Creamy Rose\u201a ", "Size": "600 ml", "Size Label": "ea"}, {"Category": "Pasta & Pasta Sauce", "Aisle": "Pantry", "Sku": "20315642001_EA", "Regular Price": "None", "Sale Price": "2.49", "Image": "https://assets.shop.loblaws.ca/products/20315642001/b1/en/front/20315642001_front_a01_@2.png", "Brand": "Catelli", "Url": "https://www.maxi.ca/classic-medium-bows-pasta/p/20315642001_EA", "Sub Category": null, "English Name": "Classic, Medium Bows Pasta", "Size": "375 g", "Size Label": "ea"}, {"Category": "Pasta & Pasta Sauce", "Aisle": "Pantry", "Sku": "20573283_EA", "Regular Price": "None", "Sale Price": "2.59", "Image": "https://assets.shop.loblaws.ca/products/20573283/b1/en/front/20573283_front_a01_@2.png", "Brand": "St Hubert", "Url": "https://www.maxi.ca/poutine-sauce/p/20573283_EA", "Sub Category": null, "English Name": "Poutine Sauce ", "Size": "450 ml", "Size Label": "ea"}, {"Category": "Pasta & Pasta Sauce", "Aisle": "Pantry", "Sku": "20321306_EA", "Regular Price": "None", "Sale Price": "7.99", "Image": "https://assets.shop.loblaws.ca/products/20321306/b1/en/front/20321306_front_a01_@2.png", "Brand": "Olivieri", "Url": "https://www.maxi.ca/pasta-sauce-chicken-tomato-herb/p/20321306_EA", "Sub Category": null, "English Name": "Pasta Sauce, Chicken Tomato Herb ", "Size": "600 ml", "Size Label": "ea"}, {"Category": "Pasta & Pasta Sauce", "Aisle": "Pantry", "Sku": "21429044_EA", "Regular Price": "None", "Sale Price": "2.49", "Image": "https://assets.shop.loblaws.ca/products/21429044/b1/en/front/21429044_front_a01_@2.png", "Brand": "Hunt's", "Url": "https://www.maxi.ca/tomato-sauce-no-salt-added/p/21429044_EA", "Sub Category": null, "English Name": "Tomato Sauce, No Salt Added", "Size": "680 ml", "Size Label": "ea"}, {"Category": "Pasta & Pasta Sauce", "Aisle": "Pantry", "Sku": "20798681_EA", "Regular Price": "None", "Sale Price": "2.99", "Image": "https://assets.shop.loblaws.ca/products/20798681/b1/en/front/20798681_front_a01_@2.png", "Brand": "Primo", "Url": "https://www.maxi.ca/penne-rigate/p/20798681_EA", "Sub Category": null, "English Name": "Penne Rigate", "Size": "750 g", "Size Label": "ea"}, {"Category": "Pasta & Pasta Sauce", "Aisle": "Pantry", "Sku": "20704243_EA", "Regular Price": "None", "Sale Price": "3.49", "Image": "https://assets.shop.loblaws.ca/products/20704243/b1/en/front/20704243_front_a01_@2.png", "Brand": "Catelli", "Url": "https://www.maxi.ca/gluten-free-spaghetti-pasta/p/20704243_EA", "Sub Category": null, "English Name": "Gluten Free, Spaghetti Pasta", "Size": "340 g", "Size Label": "ea"}, {"Category": "Pasta & Pasta Sauce", "Aisle": "Pantry", "Sku": "21220794_EA", "Regular Price": "None", "Sale Price": "5.79", "Image": "https://assets.shop.loblaws.ca/products/21220794/b1/en/front/21220794_front_a01_@2.png", "Brand": "Commensal", "Url": "https://www.maxi.ca/bolognese-style-sauce/p/21220794_EA", "Sub Category": null, "English Name": "Bolognese Style Sauce", "Size": "650 ml", "Size Label": "ea"}, {"Category": "Pasta & Pasta Sauce", "Aisle": "Pantry", "Sku": "20132121_EA", "Regular Price": "None", "Sale Price": "4.99", "Image": "https://assets.shop.loblaws.ca/products/20132121/b1/en/front/20132121_front_a01_@2.png", "Brand": "Olivieri", "Url": "https://www.maxi.ca/basil-cheese-pesto/p/20132121_EA", "Sub Category": null, "English Name": "Basil & Cheese Pesto ", "Size": "160 g", "Size Label": "ea"}, {"Category": "Pasta & Pasta Sauce", "Aisle": "Pantry", "Sku": "21521440_EA", "Regular Price": "None", "Sale Price": "4.29", "Image": "https://assets.shop.loblaws.ca/products/21521440/b1/en/front/21521440_front_a01_@2.png", "Brand": "Ziggy's", "Url": "https://www.maxi.ca/beef-tortellini/p/21521440_EA", "Sub Category": null, "English Name": "Beef Tortellini", "Size": "350 g", "Size Label": "ea"}, {"Category": "Pasta & Pasta Sauce", "Aisle": "Pantry", "Sku": "20704235_EA", "Regular Price": "None", "Sale Price": "3.49", "Image": "https://assets.shop.loblaws.ca/products/20704235/b1/en/front/20704235_front_a01_@2.png", "Brand": "Catelli", "Url": "https://www.maxi.ca/gluten-free-fusilli-pasta/p/20704235_EA", "Sub Category": null, "English Name": "Gluten Free, Fusilli Pasta", "Size": "340 g", "Size Label": "ea"}, {"Category": "Pasta & Pasta Sauce", "Aisle": "Pantry", "Sku": "20798578_EA", "Regular Price": "None", "Sale Price": "2.99", "Image": "https://assets.shop.loblaws.ca/products/20798578/b1/en/front/20798578_front_a01_@2.png", "Brand": "Primo", "Url": "https://www.maxi.ca/linguine/p/20798578_EA", "Sub Category": null, "English Name": "Linguine", "Size": "750 g", "Size Label": "ea"}, {"Category": "Pasta & Pasta Sauce", "Aisle": "Pantry", "Sku": "20315145001_EA", "Regular Price": "None", "Sale Price": "4.29", "Image": "https://assets.shop.loblaws.ca/products/20315145001/b1/en/front/20315145001_front_a01_@2.png", "Brand": "President's Choice", "Url": "https://www.maxi.ca/ros-e-pasta-sauce/p/20315145001_EA", "Sub Category": null, "English Name": "Ros\u00e9e Pasta Sauce", "Size": "425 ml", "Size Label": "ea"}, {"Category": "Pasta & Pasta Sauce", "Aisle": "Pantry", "Sku": "20924027_EA", "Regular Price": "None", "Sale Price": "5.99", "Image": "https://assets.shop.loblaws.ca/products/20924027/b1/en/front/20924027_front_a01_@2.png", "Brand": "Ali Si Bon", "Url": "https://www.maxi.ca/les-d-lices-3-meat-sauce/p/20924027_EA", "Sub Category": null, "English Name": "Les D\u00e9lices 3 Meat Sauce", "Size": "700 ml", "Size Label": "ea"}, {"Category": "Pasta & Pasta Sauce", "Aisle": "Pantry", "Sku": "20323101004_EA", "Regular Price": "None", "Sale Price": "3.29", "Image": "https://assets.shop.loblaws.ca/products/20323101004/b1/en/front/20323101004_front_a01_@2.png", "Brand": "Classico", "Url": "https://www.maxi.ca/roasted-portobello-mushrooms-spaghetti-pasta-sauce/p/20323101004_EA", "Sub Category": null, "English Name": "Roasted Portobello Mushrooms Spaghetti Pasta Sauce", "Size": "650 ml", "Size Label": "ea"}, {"Category": "Pasta & Pasta Sauce", "Aisle": "Pantry", "Sku": "20095184005_EA", "Regular Price": "None", "Sale Price": "2.69", "Image": "https://assets.shop.loblaws.ca/products/20095184005/b1/en/front/20095184005_front_a01_@2.png", "Brand": "Catelli", "Url": "https://www.maxi.ca/garden-select-country-mushroom-pasta-sauce/p/20095184005_EA", "Sub Category": null, "English Name": "Garden Select Country Mushroom Pasta Sauce", "Size": "640 ml", "Size Label": "ea"}, {"Category": "Pasta & Pasta Sauce", "Aisle": "Pantry", "Sku": "20323101011_EA", "Regular Price": "None", "Sale Price": "3.29", "Image": "https://assets.shop.loblaws.ca/products/20323101011/b1/en/front/20323101011_front_a01_@2.png", "Brand": "Classico", "Url": "https://www.maxi.ca/di-liguria-tomato-alfredo-pasta-sauce/p/20323101011_EA", "Sub Category": null, "English Name": "Di Liguria Tomato Alfredo Pasta Sauce", "Size": "650 ml", "Size Label": "ea"}, {"Category": "Pasta & Pasta Sauce", "Aisle": "Pantry", "Sku": "20798731_EA", "Regular Price": "None", "Sale Price": "2.99", "Image": "https://assets.shop.loblaws.ca/products/20798731/b1/en/front/20798731_front_a01_@2.png", "Brand": "Primo", "Url": "https://www.maxi.ca/elbows/p/20798731_EA", "Sub Category": null, "English Name": "Elbows", "Size": "750 g", "Size Label": "ea"}, {"Category": "Pasta & Pasta Sauce", "Aisle": "Pantry", "Sku": "20321512_EA", "Regular Price": "None", "Sale Price": "6.49", "Image": "https://assets.shop.loblaws.ca/products/20321512/b1/en/front/20321512_front_a01_@2.png", "Brand": "Olivieri", "Url": "https://www.maxi.ca/rainbow-tortellini-cheese-twin-pack/p/20321512_EA", "Sub Category": null, "English Name": "Rainbow Tortellini, Cheese, Twin Pack ", "Size": "500 g", "Size Label": "ea"}, {"Category": "Pasta & Pasta Sauce", "Aisle": "Pantry", "Sku": "20752168_EA", "Regular Price": "None", "Sale Price": "15.99", "Image": "https://assets.loblaws.ca/pcx_bronx_fe_assets/images/common/coming-soon-en-web.png", "Brand": "Paysan", "Url": "https://www.maxi.ca/meat-spaghetti-sauce/p/20752168_EA", "Sub Category": null, "English Name": "Meat Spaghetti Sauce    ", "Size": "2 l", "Size Label": "ea"}, {"Category": "Pasta & Pasta Sauce", "Aisle": "Pantry", "Sku": "20502719_EA", "Regular Price": "None", "Sale Price": "2.49", "Image": "https://assets.shop.loblaws.ca/products/20502719/b1/en/front/20502719_front_a01_@2.png", "Brand": "St Hubert", "Url": "https://www.maxi.ca/bbq-sauce/p/20502719_EA", "Sub Category": null, "English Name": "BBQ Sauce ", "Size": "300 ml", "Size Label": "ea"}, {"Category": "Pasta & Pasta Sauce", "Aisle": "Pantry", "Sku": "21404970_EA", "Regular Price": "2.49", "Sale Price": "2.29", "Image": "https://assets.shop.loblaws.ca/products/21404970/b1/en/front/21404970_front_a01_@2.png", "Brand": "Barilla", "Url": "https://www.maxi.ca/ditali-pasta/p/21404970_EA", "Sub Category": null, "English Name": "Ditali Pasta", "Size": "410 g", "Size Label": "ea"}, {"Category": "Pasta & Pasta Sauce", "Aisle": "Pantry", "Sku": "20323101013_EA", "Regular Price": "None", "Sale Price": "3.29", "Image": "https://assets.shop.loblaws.ca/products/20323101013/b1/en/front/20323101013_front_a01_@2.png", "Brand": "Classico", "Url": "https://www.maxi.ca/vodka-sauce-spaghetti-pasta-sauce/p/20323101013_EA", "Sub Category": null, "English Name": "Vodka Sauce Spaghetti Pasta Sauce", "Size": "650 ml", "Size Label": "ea"}, {"Category": "Pasta & Pasta Sauce", "Aisle": "Pantry", "Sku": "20765907_EA", "Regular Price": "None", "Sale Price": "3.49", "Image": "https://assets.shop.loblaws.ca/products/20765907/b1/en/front/20765907_front_a01_@2.png", "Brand": "Catelli", "Url": "https://www.maxi.ca/gluten-free-macaroni-pasta/p/20765907_EA", "Sub Category": null, "English Name": "Gluten Free, Macaroni Pasta", "Size": "340 g", "Size Label": "ea"}, {"Category": "Pasta & Pasta Sauce", "Aisle": "Pantry", "Sku": "21001575_EA", "Regular Price": "None", "Sale Price": "2.50", "Image": "https://assets.shop.loblaws.ca/products/21001575/b1/en/front/21001575_front_a01_@2.png", "Brand": "President's Choice", "Url": "https://www.maxi.ca/tricolour-rotini-pasta/p/21001575_EA", "Sub Category": null, "English Name": "Tricolour Rotini Pasta", "Size": "454 g", "Size Label": "ea"}, {"Category": "Pasta & Pasta Sauce", "Aisle": "Pantry", "Sku": "21521089_EA", "Regular Price": "None", "Sale Price": "4.29", "Image": "https://assets.shop.loblaws.ca/products/21521089/b1/en/front/21521089_front_a01_@2.png", "Brand": "Ziggy's", "Url": "https://www.maxi.ca/cheese-and-bacon-tortellini/p/21521089_EA", "Sub Category": null, "English Name": "Cheese and Bacon Tortellini", "Size": "350 g", "Size Label": "ea"}, {"Category": "Pasta & Pasta Sauce", "Aisle": "Pantry", "Sku": "20321150001_EA", "Regular Price": "None", "Sale Price": "2.29", "Image": "https://assets.shop.loblaws.ca/products/20321150001/b1/en/front/20321150001_front_a01_@2.png", "Brand": "Gattuso", "Url": "https://www.maxi.ca/regular-pizza-sauce/p/20321150001_EA", "Sub Category": null, "English Name": "Regular Pizza Sauce", "Size": "213 ml", "Size Label": "ea"}, {"Category": "Pasta & Pasta Sauce", "Aisle": "Pantry", "Sku": "20299819007_EA", "Regular Price": "None", "Sale Price": "3.49", "Image": "https://assets.shop.loblaws.ca/products/20299819007/b1/en/front/20299819007_front_a01_@2.png", "Brand": "Catelli", "Url": "https://www.maxi.ca/tricolour-fusilli-pasta/p/20299819007_EA", "Sub Category": null, "English Name": "Tricolour, Fusilli Pasta", "Size": "375 g", "Size Label": "ea"}, {"Category": "Pasta & Pasta Sauce", "Aisle": "Pantry", "Sku": "20527265_EA", "Regular Price": "None", "Sale Price": "3.49", "Image": "https://assets.shop.loblaws.ca/products/20527265/b1/en/front/20527265_front_a01_@2.png", "Brand": "Catelli", "Url": "https://www.maxi.ca/smart-rotini-pasta/p/20527265_EA", "Sub Category": null, "English Name": "Smart, Rotini Pasta", "Size": "375 g", "Size Label": "ea"}, {"Category": "Pasta & Pasta Sauce", "Aisle": "Pantry", "Sku": "20576979_EA", "Regular Price": "None", "Sale Price": "2.79", "Image": "https://assets.shop.loblaws.ca/products/20576979/b1/en/front/20576979_front_a01_@2.png", "Brand": "PG", "Url": "https://www.maxi.ca/bbq-sauce/p/20576979_EA", "Sub Category": null, "English Name": "BBQ Sauce ", "Size": "300 ml", "Size Label": "ea"}, {"Category": "Pasta & Pasta Sauce", "Aisle": "Pantry", "Sku": "21203977_EA", "Regular Price": "None", "Sale Price": "5.99", "Image": "https://assets.shop.loblaws.ca/products/21203977/b1/en/front/21203977_front_a01_@2.png", "Brand": "Olivieri", "Url": "https://www.maxi.ca/tomato-and-mozzarella-skillet-gnocchi/p/21203977_EA", "Sub Category": null, "English Name": "Tomato and Mozzarella Skillet Gnocchi", "Size": "280 g", "Size Label": "ea"}, {"Category": "Pasta & Pasta Sauce", "Aisle": "Pantry", "Sku": "20659463_EA", "Regular Price": "2.49", "Sale Price": "1.99", "Image": "https://assets.shop.loblaws.ca/products/20659463/b1/en/front/20659463_front_a01_@2.png", "Brand": "President's Choice", "Url": "https://www.maxi.ca/rice-vermicelli-noodles/p/20659463_EA", "Sub Category": null, "English Name": "Rice Vermicelli Noodles", "Size": "225 g", "Size Label": "ea"}, {"Category": "Pasta & Pasta Sauce", "Aisle": "Pantry", "Sku": "21203977_EA", "Regular Price": "None", "Sale Price": "5.99", "Image": "https://assets.shop.loblaws.ca/products/21203977/b1/en/front/21203977_front_a01_@2.png", "Brand": "Olivieri", "Url": "https://www.maxi.ca/tomato-and-mozzarella-skillet-gnocchi/p/21203977_EA", "Sub Category": null, "English Name": "Tomato and Mozzarella Skillet Gnocchi", "Size": "280 g", "Size Label": "ea"}, {"Category": "Pasta & Pasta Sauce", "Aisle": "Pantry", "Sku": "20659463_EA", "Regular Price": "2.49", "Sale Price": "1.99", "Image": "https://assets.shop.loblaws.ca/products/20659463/b1/en/front/20659463_front_a01_@2.png", "Brand": "President's Choice", "Url": "https://www.maxi.ca/rice-vermicelli-noodles/p/20659463_EA", "Sub Category": null, "English Name": "Rice Vermicelli Noodles", "Size": "225 g", "Size Label": "ea"}, {"Category": "Pasta & Pasta Sauce", "Aisle": "Pantry", "Sku": "20915945_EA", "Regular Price": "None", "Sale Price": "6.49", "Image": "https://assets.shop.loblaws.ca/products/20915945/b1/en/front/20915945_front_a01_@2.png", "Brand": "Olivieri", "Url": "https://www.maxi.ca/fresh-ricotta-spinach-ravioli/p/20915945_EA", "Sub Category": null, "English Name": "Fresh Ricotta & Spinach Ravioli ", "Size": "450 g", "Size Label": "ea"}, {"Category": "Pasta & Pasta Sauce", "Aisle": "Pantry", "Sku": "20325609005_EA", "Regular Price": "None", "Sale Price": "3.29", "Image": "https://assets.shop.loblaws.ca/products/20325609005/b1/en/front/20325609005_front_a01_@2.png", "Brand": "Classico", "Url": "https://www.maxi.ca/mushroom-alfredo-spaghetti-pasta-sauce/p/20325609005_EA", "Sub Category": null, "English Name": "Mushroom Alfredo Spaghetti Pasta Sauce", "Size": "410 ml", "Size Label": "ea"}, {"Category": "Pasta & Pasta Sauce", "Aisle": "Pantry", "Sku": "21001587_EA", "Regular Price": "None", "Sale Price": "2.50", "Image": "https://assets.shop.loblaws.ca/products/21001587/b1/en/front/21001587_front_a01_@2.png", "Brand": "President's Choice", "Url": "https://www.maxi.ca/linguine-pasta/p/21001587_EA", "Sub Category": null, "English Name": "Linguine Pasta", "Size": "454 g", "Size Label": "ea"}, {"Category": "Pasta & Pasta Sauce", "Aisle": "Pantry", "Sku": "21434590_EA", "Regular Price": "None", "Sale Price": "5.99", "Image": "https://assets.shop.loblaws.ca/products/21434590/b1/en/front/21434590_front_a01_@2.png", "Brand": "Olivieri", "Url": "https://www.maxi.ca/pesto-mozzarella-skillet-gnocchi/p/21434590_EA", "Sub Category": null, "English Name": "Pesto Mozzarella Skillet Gnocchi", "Size": "280 g", "Size Label": "ea"}, {"Category": "Pasta & Pasta Sauce", "Aisle": "Pantry", "Sku": "21001582_EA", "Regular Price": "None", "Sale Price": "2.50", "Image": "https://assets.shop.loblaws.ca/products/21001582/b1/en/front/21001582_front_a01_@2.png", "Brand": "President's Choice", "Url": "https://www.maxi.ca/farfalle-pasta/p/21001582_EA", "Sub Category": null, "English Name": "Farfalle Pasta", "Size": "454 g", "Size Label": "ea"}, {"Category": "Pasta & Pasta Sauce", "Aisle": "Pantry", "Sku": "20314364004_EA", "Regular Price": "None", "Sale Price": "2.49", "Image": "https://assets.shop.loblaws.ca/products/20314364004/b1/en/front/20314364004_front_a01_@2.png", "Brand": "Catelli", "Url": "https://www.maxi.ca/classic-alphabets-pasta/p/20314364004_EA", "Sub Category": null, "English Name": "Classic, Alphabets Pasta", "Size": "375 g", "Size Label": "ea"}, {"Category": "Pasta & Pasta Sauce", "Aisle": "Pantry", "Sku": "20924025_EA", "Regular Price": "None", "Sale Price": "5.99", "Image": "https://assets.shop.loblaws.ca/products/20924025/b1/en/front/20924025_front_a01_@2.png", "Brand": "Ali Si Bon", "Url": "https://www.maxi.ca/meat-sauce/p/20924025_EA", "Sub Category": null, "English Name": "Meat Sauce", "Size": "700 ml", "Size Label": "ea"}, {"Category": "Pasta & Pasta Sauce", "Aisle": "Pantry", "Sku": "20322743003_EA", "Regular Price": "None", "Sale Price": "10.49", "Image": "https://assets.shop.loblaws.ca/products/20322743003/b1/en/front/20322743003_front_a01_@2.png", "Brand": "Catelli", "Url": "https://www.maxi.ca/classic-macaroni-pasta/p/20322743003_EA", "Sub Category": null, "English Name": "Classic, Macaroni Pasta", "Size": "2 kg", "Size Label": "ea"}, {"Category": "Pasta & Pasta Sauce", "Aisle": "Pantry", "Sku": "20126372_EA", "Regular Price": "None", "Sale Price": "6.99", "Image": "https://assets.shop.loblaws.ca/products/20126372/b1/en/front/20126372_front_a01_@2.png", "Brand": "Olivieri", "Url": "https://www.maxi.ca/pasta-lasagna-sheets/p/20126372_EA", "Sub Category": null, "English Name": "Pasta, Lasagna Sheets ", "Size": "360 g", "Size Label": "ea"}, {"Category": "Pasta & Pasta Sauce", "Aisle": "Pantry", "Sku": "20085773001_EA", "Regular Price": "None", "Sale Price": "6.29", "Image": "https://assets.shop.loblaws.ca/products/20085773001/b1/en/front/20085773001_front_a01_@2.png", "Brand": "PC Organics", "Url": "https://www.maxi.ca/organic-tomato-basil-pasta-sauce/p/20085773001_EA", "Sub Category": null, "English Name": "Organic Tomato & Basil Pasta Sauce", "Size": "700 ml", "Size Label": "ea"}, {"Category": "Pasta & Pasta Sauce", "Aisle": "Pantry", "Sku": "21404975_EA", "Regular Price": "2.49", "Sale Price": "2.29", "Image": "https://assets.shop.loblaws.ca/products/214049750/b1/en/front/214049750_front_a01_@2.png", "Brand": "Barilla", "Url": "https://www.maxi.ca/fettuccine-pasta/p/21404975_EA", "Sub Category": null, "English Name": "Fettuccine Pasta", "Size": "410 g", "Size Label": "ea"}, {"Category": "Pasta & Pasta Sauce", "Aisle": "Pantry", "Sku": "21444616_EA", "Regular Price": "None", "Sale Price": "6.99", "Image": "https://assets.shop.loblaws.ca/products/21444616/b1/en/front/21444616_front_a01_@2.png", "Brand": "Le Grand", "Url": "https://www.maxi.ca/classic-a-rich-blend-of-fresh-basil-4-nuts-romano/p/21444616_EA", "Sub Category": null, "English Name": "Classic A Rich Blend Of Fresh Basil, 4 Nuts & Romano Cheese Pesto", "Size": "170 g", "Size Label": "ea"}, {"Category": "Pasta & Pasta Sauce", "Aisle": "Pantry", "Sku": "21522092_EA", "Regular Price": "None", "Sale Price": "5.00", "Image": "https://assets.shop.loblaws.ca/products/21522092/b1/en/front/21522092_front_a01_@2.png", "Brand": "Ziggy's", "Url": "https://www.maxi.ca/cheese-spinach-ravioli/p/21522092_EA", "Sub Category": null, "English Name": "Cheese & Spinach Ravioli ", "Size": "600 g", "Size Label": "ea"}, {"Category": "Pasta & Pasta Sauce", "Aisle": "Pantry", "Sku": "20299819009_EA", "Regular Price": "None", "Sale Price": "3.49", "Image": "https://assets.shop.loblaws.ca/products/20299819009/b1/en/front/20299819009_front_a01_@2.png", "Brand": "Catelli", "Url": "https://www.maxi.ca/whole-grains-penne-rigate-pasta/p/20299819009_EA", "Sub Category": null, "English Name": "Whole Grains, Penne Rigate Pasta", "Size": "375 g", "Size Label": "ea"}, {"Category": "Pasta & Pasta Sauce", "Aisle": "Pantry", "Sku": "20570436_EA", "Regular Price": "None", "Sale Price": "6.49", "Image": "https://assets.shop.loblaws.ca/products/20570436/b1/en/front/20570436_front_a01_@2.png", "Brand": "Olivieri", "Url": "https://www.maxi.ca/beef-tortellini-twin-pack/p/20570436_EA", "Sub Category": null, "English Name": "Beef Tortellini, Twin Pack ", "Size": "500 g", "Size Label": "ea"}, {"Category": "Pasta & Pasta Sauce", "Aisle": "Pantry", "Sku": "20527268_EA", "Regular Price": "None", "Sale Price": "3.49", "Image": "https://assets.shop.loblaws.ca/products/20527268/b1/en/front/20527268_front_a01_@2.png", "Brand": "Catelli", "Url": "https://www.maxi.ca/smart-spaghettini-pasta/p/20527268_EA", "Sub Category": null, "English Name": "Smart, Spaghettini Pasta", "Size": "375 g", "Size Label": "ea"}, {"Category": "Pasta & Pasta Sauce", "Aisle": "Pantry", "Sku": "20063296001_EA", "Regular Price": "None", "Sale Price": "2.19", "Image": "https://assets.shop.loblaws.ca/products/20063296001/b1/en/front/20063296001_front_a01_@2.png", "Brand": "Hunt's", "Url": "https://www.maxi.ca/tomato-sauce/p/20063296001_EA", "Sub Category": null, "English Name": "Tomato Sauce", "Size": "398 ml", "Size Label": "ea"}, {"Category": "Pasta & Pasta Sauce", "Aisle": "Pantry", "Sku": "20131344007_EA", "Regular Price": "None", "Sale Price": "4.29", "Image": "https://assets.shop.loblaws.ca/products/20131344007/b1/en/front/20131344007_front_a01_@2.png", "Brand": "President's Choice", "Url": "https://www.maxi.ca/quattro-formaggi-pasta-sauce/p/20131344007_EA", "Sub Category": null, "English Name": "Quattro Formaggi Pasta Sauce", "Size": "650 ml", "Size Label": "ea"}, {"Category": "Pasta & Pasta Sauce", "Aisle": "Pantry", "Sku": "20217110001_EA", "Regular Price": "None", "Sale Price": "5.79", "Image": "https://assets.shop.loblaws.ca/products/20217110001/b1/en/front/20217110001_front_a01_@2.png", "Brand": "Mikes", "Url": "https://www.maxi.ca/bolognese-sauce/p/20217110001_EA", "Sub Category": null, "English Name": "Bolognese Sauce", "Size": "700 ml", "Size Label": "ea"}, {"Category": "Pasta & Pasta Sauce", "Aisle": "Pantry", "Sku": "20632574_EA", "Regular Price": "None", "Sale Price": "2.50", "Image": "https://assets.shop.loblaws.ca/products/20632574/b1/en/front/20632574_front_a01_@2.png", "Brand": "Catelli", "Url": "https://www.maxi.ca/classic-lasagne-pasta/p/20632574_EA", "Sub Category": null, "English Name": "Classic, Lasagne Pasta", "Size": "500 g", "Size Label": "ea"}, {"Category": "Pasta & Pasta Sauce", "Aisle": "Pantry", "Sku": "20323424003_EA", "Regular Price": "None", "Sale Price": "3.99", "Image": "https://assets.shop.loblaws.ca/products/20323424003/b1/en/front/20323424003_front_a01_@2.png", "Brand": "PC Splendido", "Url": "https://www.maxi.ca/tomato-pesto/p/20323424003_EA", "Sub Category": null, "English Name": "Tomato Pesto", "Size": "270 ml", "Size Label": "ea"}, {"Category": "Pasta & Pasta Sauce", "Aisle": "Pantry", "Sku": "20798589_EA", "Regular Price": "None", "Sale Price": "2.99", "Image": "https://assets.shop.loblaws.ca/products/20798589/b1/en/front/20798589_front_a01_@2.png", "Brand": "Primo", "Url": "https://www.maxi.ca/spaghetti/p/20798589_EA", "Sub Category": null, "English Name": "Spaghetti", "Size": "750 g", "Size Label": "ea"}, {"Category": "Pasta & Pasta Sauce", "Aisle": "Pantry", "Sku": "20527266_EA", "Regular Price": "None", "Sale Price": "3.49", "Image": "https://assets.shop.loblaws.ca/products/20527266/b1/en/front/20527266_front_a01_@2.png", "Brand": "Catelli", "Url": "https://www.maxi.ca/smart-macaroni-pasta/p/20527266_EA", "Sub Category": null, "English Name": "Smart, Macaroni Pasta", "Size": "375 g", "Size Label": "ea"}, {"Category": "Pasta & Pasta Sauce", "Aisle": "Pantry", "Sku": "21404901_EA", "Regular Price": "2.49", "Sale Price": "2.29", "Image": "https://assets.shop.loblaws.ca/products/214049013/b1/en/front/214049013_front_a01_@2.png", "Brand": "Barilla", "Url": "https://www.maxi.ca/spaghettoni-pasta/p/21404901_EA", "Sub Category": null, "English Name": "Spaghettoni Pasta", "Size": "410 g", "Size Label": "ea"}, {"Category": "Pasta & Pasta Sauce", "Aisle": "Pantry", "Sku": "21347114_EA", "Regular Price": "None", "Sale Price": "2.99", "Image": "https://assets.shop.loblaws.ca/products/21347114/b1/en/front/21347114_front_a01_@2.png", "Brand": "Rooster", "Url": "https://www.maxi.ca/thin-egg-noodles/p/21347114_EA", "Sub Category": null, "English Name": "Thin Egg Noodles", "Size": "454 g", "Size Label": "ea"}, {"Category": "Pasta & Pasta Sauce", "Aisle": "Pantry", "Sku": "21434873_EA", "Regular Price": "None", "Sale Price": "5.99", "Image": "https://assets.shop.loblaws.ca/products/21434873/b1/en/front/21434873_front_a01_@2.png", "Brand": "Olivieri", "Url": "https://www.maxi.ca/cauliflower-emmental-skillet-gnocchi/p/21434873_EA", "Sub Category": null, "English Name": "Cauliflower Emmental Skillet Gnocchi", "Size": "280 g", "Size Label": "ea"}, {"Category": "Pasta & Pasta Sauce", "Aisle": "Pantry", "Sku": "21521170_EA", "Regular Price": "None", "Sale Price": "4.29", "Image": "https://assets.shop.loblaws.ca/products/21521170/b1/en/front/21521170_front_a01_@2.png", "Brand": "Ziggy's", "Url": "https://www.maxi.ca/linguine/p/21521170_EA", "Sub Category": null, "English Name": "Linguine ", "Size": "350 g", "Size Label": "ea"}, {"Category": "Pasta & Pasta Sauce", "Aisle": "Pantry", "Sku": "20325609007_EA", "Regular Price": "None", "Sale Price": "3.29", "Image": "https://assets.shop.loblaws.ca/products/20325609007/b1/en/front/20325609007_front_a01_@2.png", "Brand": "Classico", "Url": "https://www.maxi.ca/di-roma-light-alfredo-pasta-sauce/p/20325609007_EA", "Sub Category": null, "English Name": "Di Roma Light Alfredo Pasta Sauce", "Size": "410 ml", "Size Label": "ea"}, {"Category": "Pasta & Pasta Sauce", "Aisle": "Pantry", "Sku": "21462864_EA", "Regular Price": "None", "Sale Price": "4.69", "Image": "https://assets.shop.loblaws.ca/products/21462864/b1/en/front/21462864_front_a01_@2.png", "Brand": "De Cecco", "Url": "https://www.maxi.ca/pesto-with-basil-pine-nuts-and-extra-virgin-olive/p/21462864_EA", "Sub Category": null, "English Name": "Pesto with Basil, Pine Nuts and Extra Virgin Olive Oil Pasta Sauce", "Size": "190 g", "Size Label": "ea"}, {"Category": "Pasta & Pasta Sauce", "Aisle": "Pantry", "Sku": "20318521002_EA", "Regular Price": "None", "Sale Price": "6.29", "Image": "https://assets.shop.loblaws.ca/products/20318521002/b1/en/front/20318521002_front_a01_@2.png", "Brand": "PC Organics", "Url": "https://www.maxi.ca/organic-pasta-sauce-roasted-garlic-herb/p/20318521002_EA", "Sub Category": null, "English Name": "Organic Pasta Sauce, Roasted Garlic & Herb", "Size": "700 ml", "Size Label": "ea"}, {"Category": "Pasta & Pasta Sauce", "Aisle": "Pantry", "Sku": "20334658_EA", "Regular Price": "None", "Sale Price": "10.99", "Image": "https://assets.shop.loblaws.ca/products/20334658/b1/en/front/20334658_front_a01_@2.png", "Brand": "Olivieri", "Url": "https://www.maxi.ca/fresh-ricotta-spinach-cannelloni/p/20334658_EA", "Sub Category": null, "English Name": "Fresh Ricotta & Spinach Cannelloni ", "Size": "540 g", "Size Label": "ea"}, {"Category": "Pasta & Pasta Sauce", "Aisle": "Pantry", "Sku": "21021693_EA", "Regular Price": "None", "Sale Price": "4.49", "Image": "https://assets.shop.loblaws.ca/products/21021693/b1/en/front/21021693_front_a01_@2.png", "Brand": "Ziggy's", "Url": "https://www.maxi.ca/lasagna-sheets/p/21021693_EA", "Sub Category": null, "English Name": "Lasagna Sheets ", "Size": "360 g", "Size Label": "ea"}, {"Category": "Pasta & Pasta Sauce", "Aisle": "Pantry", "Sku": "21004178_EA", "Regular Price": "None", "Sale Price": "4.29", "Image": "https://assets.shop.loblaws.ca/products/21004178/b1/en/front/21004178_front_a01_@2.png", "Brand": "President's Choice", "Url": "https://www.maxi.ca/italian-sausage-pasta-sauce/p/21004178_EA", "Sub Category": null, "English Name": "Italian Sausage Pasta Sauce", "Size": "650 ml", "Size Label": "ea"}, {"Category": "Pasta & Pasta Sauce", "Aisle": "Pantry", "Sku": "20323101015_EA", "Regular Price": "None", "Sale Price": "3.29", "Image": "https://assets.shop.loblaws.ca/products/20323101015/b1/en/front/20323101015_front_a01_@2.png", "Brand": "Classico", "Url": "https://www.maxi.ca/d-abruzzi-beef-pork-pasta-sauce/p/20323101015_EA", "Sub Category": null, "English Name": "D'Abruzzi Beef & Pork Pasta Sauce", "Size": "650 ml", "Size Label": "ea"}, {"Category": "Pasta & Pasta Sauce", "Aisle": "Pantry", "Sku": "20184949001_EA", "Regular Price": "None", "Sale Price": "1.79", "Image": "https://assets.shop.loblaws.ca/products/20184949001/b1/en/front/20184949001_front_a01_@2.png", "Brand": "Gattuso", "Url": "https://www.maxi.ca/pizza-crust-mix/p/20184949001_EA", "Sub Category": null, "English Name": "Pizza Crust Mix", "Size": "165 g", "Size Label": "ea"}, {"Category": "Pasta & Pasta Sauce", "Aisle": "Pantry", "Sku": "21522093_EA", "Regular Price": "None", "Sale Price": "5.00", "Image": "https://assets.shop.loblaws.ca/products/21522093/b1/en/front/21522093_front_a01_@2.png", "Brand": "Ziggy's", "Url": "https://www.maxi.ca/rainbow-tortellini/p/21522093_EA", "Sub Category": null, "English Name": "Rainbow Tortellini", "Size": "600 g", "Size Label": "ea"}, {"Category": "Pasta & Pasta Sauce", "Aisle": "Pantry", "Sku": "20095184004_EA", "Regular Price": "None", "Sale Price": "2.69", "Image": "https://assets.shop.loblaws.ca/products/20095184004/b1/en/front/20095184004_front_a01_@2.png", "Brand": "Catelli", "Url": "https://www.maxi.ca/garden-select-parmesan-romano-pasta-sauce/p/20095184004_EA", "Sub Category": null, "English Name": "Garden Select Parmesan & Romano Pasta Sauce", "Size": "640 ml", "Size Label": "ea"}, {"Category": "Pasta & Pasta Sauce", "Aisle": "Pantry", "Sku": "20157369_EA", "Regular Price": "None", "Sale Price": "3.29", "Image": "https://assets.shop.loblaws.ca/products/20157369/b1/en/front/20157369_front_a01_@2.png", "Brand": "Hunt's", "Url": "https://www.maxi.ca/tomato-paste/p/20157369_EA", "Sub Category": null, "English Name": "Tomato Paste", "Size": "369 ml", "Size Label": "ea"}, {"Category": "Pasta & Pasta Sauce", "Aisle": "Pantry", "Sku": "20217110003_EA", "Regular Price": "None", "Sale Price": "5.79", "Image": "https://assets.shop.loblaws.ca/products/20217110003/b1/en/front/20217110003_front_a01_@2.png", "Brand": "Mikes", "Url": "https://www.maxi.ca/3-meat-sauce/p/20217110003_EA", "Sub Category": null, "English Name": "3 Meat Sauce", "Size": "700 ml", "Size Label": "ea"}, {"Category": "Pasta & Pasta Sauce", "Aisle": "Pantry", "Sku": "20312623002_EA", "Regular Price": "None", "Sale Price": "3.49", "Image": "https://assets.shop.loblaws.ca/products/20312623002/b1/en/front/20312623002_front_a01_@2.png", "Brand": "Catelli", "Url": "https://www.maxi.ca/whole-grains-linguine-pasta/p/20312623002_EA", "Sub Category": null, "English Name": "Whole Grains, Linguine Pasta", "Size": "375 g", "Size Label": "ea"}, {"Category": "Pasta & Pasta Sauce", "Aisle": "Pantry", "Sku": "21181577_EA", "Regular Price": "None", "Sale Price": "13.00", "Image": "https://assets.shop.loblaws.ca/products/21181577/b1/en/front/21181577_front_a01_@2.png", "Brand": "Olivieri", "Url": "https://www.maxi.ca/duo-tortellini-fresh-ricotta-spinach-family-pack/p/21181577_EA", "Sub Category": null, "English Name": "Duo Tortellini Fresh Ricotta & Spinach Family Pack", "Size": "1100 g", "Size Label": "ea"}, {"Category": "Pasta & Pasta Sauce", "Aisle": "Pantry", "Sku": "21181579_EA", "Regular Price": "None", "Sale Price": "13.00", "Image": "https://assets.shop.loblaws.ca/products/21181579/b1/en/front/21181579_front_a01_@2.png", "Brand": "Olivieri", "Url": "https://www.maxi.ca/tortellini-italian-sausage-family-pack/p/21181579_EA", "Sub Category": null, "English Name": "Tortellini Italian Sausage Family Pack  ", "Size": "1 kg", "Size Label": "ea"}, {"Category": "Pasta & Pasta Sauce", "Aisle": "Pantry", "Sku": "20317105001_EA", "Regular Price": "None", "Sale Price": "6.99", "Image": "https://assets.shop.loblaws.ca/products/20317105001/b1/en/front/20317105001_front_a01_@2.png", "Brand": "Italpasta", "Url": "https://www.maxi.ca/pasta-spaghetti-club-pack/p/20317105001_EA", "Sub Category": null, "English Name": "Pasta, Spaghetti Club Pack", "Size": "2.27 kg", "Size Label": "ea"}, {"Category": "Pasta & Pasta Sauce", "Aisle": "Pantry", "Sku": "20314364002_EA", "Regular Price": "None", "Sale Price": "2.49", "Image": "https://assets.shop.loblaws.ca/products/20314364002/b1/en/front/20314364002_front_a01_@2.png", "Brand": "Catelli", "Url": "https://www.maxi.ca/classic-soup-noodles-pasta/p/20314364002_EA", "Sub Category": null, "English Name": "Classic Soup Noodles Pasta", "Size": "375 g", "Size Label": "ea"}, {"Category": "Pasta & Pasta Sauce", "Aisle": "Pantry", "Sku": "21310133_EA", "Regular Price": "None", "Sale Price": "13.00", "Image": "https://assets.shop.loblaws.ca/products/21310133/b1/en/front/21310133_front_a01_@2.png", "Brand": "Olivieri", "Url": "https://www.maxi.ca/bacon-cheese-sacchettini/p/21310133_EA", "Sub Category": null, "English Name": "Bacon Cheese Sacchettini", "Size": "900 g", "Size Label": "ea"}, {"Category": "Pasta & Pasta Sauce", "Aisle": "Pantry", "Sku": "20059743_EA", "Regular Price": "None", "Sale Price": "1.49", "Image": "https://assets.shop.loblaws.ca/products/20059743/b1/en/front/20059743_front_a01_@2.png", "Brand": "Pastene", "Url": "https://www.maxi.ca/tomato-paste-no-salt-added/p/20059743_EA", "Sub Category": null, "English Name": "Tomato Paste No Salt Added ", "Size": "156 ml", "Size Label": "ea"}, {"Category": "Pasta & Pasta Sauce", "Aisle": "Pantry", "Sku": "20315613007_EA", "Regular Price": "None", "Sale Price": "2.29", "Image": "https://assets.shop.loblaws.ca/products/20315613007/b1/en/front/20315613007_front_a01_@2.png", "Brand": "No Name", "Url": "https://www.maxi.ca/fettuccine-pasta/p/20315613007_EA", "Sub Category": null, "English Name": "Fettuccine Pasta", "Size": "900 g", "Size Label": "ea"}, {"Category": "Pasta & Pasta Sauce", "Aisle": "Pantry", "Sku": "20584764_EA", "Regular Price": "None", "Sale Price": "2.79", "Image": "https://assets.shop.loblaws.ca/products/20584764/b1/en/front/20584764_front_a01_@2.png", "Brand": "St Hubert", "Url": "https://www.maxi.ca/hot-chicken-sandwich-home-style-gravy/p/20584764_EA", "Sub Category": null, "English Name": "Hot Chicken Sandwich Home Style Gravy ", "Size": "450 ml", "Size Label": "ea"}, {"Category": "Pasta & Pasta Sauce", "Aisle": "Pantry", "Sku": "20632578_EA", "Regular Price": "None", "Sale Price": "2.50", "Image": "https://assets.shop.loblaws.ca/products/20632578/b1/en/front/20632578_front_a01_@2.png", "Brand": "Catelli", "Url": "https://www.maxi.ca/smart-lasagne-pasta/p/20632578_EA", "Sub Category": null, "English Name": "Smart, Lasagne Pasta", "Size": "375 g", "Size Label": "ea"}, {"Category": "Pasta & Pasta Sauce", "Aisle": "Pantry", "Sku": "21001588_EA", "Regular Price": "None", "Sale Price": "2.50", "Image": "https://assets.shop.loblaws.ca/products/21001588/b1/en/front/21001588_front_a01_@2.png", "Brand": "President's Choice", "Url": "https://www.maxi.ca/spaghettini-pasta/p/21001588_EA", "Sub Category": null, "English Name": "Spaghettini Pasta", "Size": "454 g", "Size Label": "ea"}, {"Category": "Pasta & Pasta Sauce", "Aisle": "Pantry", "Sku": "21461134_EA", "Regular Price": "None", "Sale Price": "3.99", "Image": "https://assets.shop.loblaws.ca/products/21461134/b1/en/front/21461134_front_a01_@2.png", "Brand": "PC Organics", "Url": "https://www.maxi.ca/organics-passata/p/21461134_EA", "Sub Category": null, "English Name": "Organics Passata", "Size": "660 ml", "Size Label": "ea"}, {"Category": "Pasta & Pasta Sauce", "Aisle": "Pantry", "Sku": "20299819006_EA", "Regular Price": "None", "Sale Price": "3.49", "Image": "https://assets.shop.loblaws.ca/products/20299819006/b1/en/front/20299819006_front_a01_@2.png", "Brand": "Catelli", "Url": "https://www.maxi.ca/tri-colour-rotini-pasta/p/20299819006_EA", "Sub Category": null, "English Name": "Tri-Colour Rotini Pasta", "Size": "375 g", "Size Label": "ea"}, {"Category": "Pasta & Pasta Sauce", "Aisle": "Pantry", "Sku": "20131344001_EA", "Regular Price": "None", "Sale Price": "4.29", "Image": "https://assets.shop.loblaws.ca/products/20131344001/b1/en/front/20131344001_front_a01_@2.png", "Brand": "President's Choice", "Url": "https://www.maxi.ca/7-vegetable-primavera-pasta-sauce/p/20131344001_EA", "Sub Category": null, "English Name": "7-Vegetable Primavera Pasta Sauce", "Size": "650 ml", "Size Label": "ea"}, {"Category": "Pasta & Pasta Sauce", "Aisle": "Pantry", "Sku": "21522104_EA", "Regular Price": "None", "Sale Price": "5.00", "Image": "https://assets.shop.loblaws.ca/products/21522104/b1/en/front/21522104_front_a01_@2.png", "Brand": "Ziggy's", "Url": "https://www.maxi.ca/tortellini-beef/p/21522104_EA", "Sub Category": null, "English Name": "Tortellini, Beef ", "Size": "600 g", "Size Label": "ea"}, {"Category": "Pasta & Pasta Sauce", "Aisle": "Pantry", "Sku": "20961253_EA", "Regular Price": "None", "Sale Price": "3.29", "Image": "https://assets.shop.loblaws.ca/products/20961253/b1/en/front/20961253_front_a01_@2.png", "Brand": "Classico", "Url": "https://www.maxi.ca/bolognese-spaghetti-pasta-sauce/p/20961253_EA", "Sub Category": null, "English Name": "Bolognese Spaghetti Pasta Sauce", "Size": "650 ml", "Size Label": "ea"}, {"Category": "Pasta & Pasta Sauce", "Aisle": "Pantry", "Sku": "20299819001_EA", "Regular Price": "None", "Sale Price": "3.49", "Image": "https://assets.shop.loblaws.ca/products/20299819001/b1/en/front/20299819001_front_a01_@2.png", "Brand": "Catelli", "Url": "https://www.maxi.ca/whole-grains-macaroni-pasta/p/20299819001_EA", "Sub Category": null, "English Name": "Whole Grains, Macaroni Pasta", "Size": "375 g", "Size Label": "ea"}, {"Category": "Pasta & Pasta Sauce", "Aisle": "Pantry", "Sku": "21238863_EA", "Regular Price": "None", "Sale Price": "5.79", "Image": "https://assets.shop.loblaws.ca/products/21238863/b1/en/front/21238863_front_a01_@2.png", "Brand": "Commensal", "Url": "https://www.maxi.ca/vegetarian-ros-e-sauce/p/21238863_EA", "Sub Category": null, "English Name": "Vegetarian Ros\u00e9e Sauce", "Size": "650 ml", "Size Label": "ea"}, {"Category": "Pasta & Pasta Sauce", "Aisle": "Pantry", "Sku": "21022065_EA", "Regular Price": "None", "Sale Price": "5.99", "Image": "https://assets.shop.loblaws.ca/products/21022065/b1/en/front/21022065_front_a01_@2.png", "Brand": "Olivieri", "Url": "https://www.maxi.ca/skillet-gnocchi/p/21022065_EA", "Sub Category": null, "English Name": "Skillet Gnocchi ", "Size": "280 g", "Size Label": "ea"}, {"Category": "Pasta & Pasta Sauce", "Aisle": "Pantry", "Sku": "21021889_EA", "Regular Price": "None", "Sale Price": "9.99", "Image": "https://assets.shop.loblaws.ca/products/21021889/b1/en/front/21021889_front_a01_@2.png", "Brand": "Olivieri", "Url": "https://www.maxi.ca/skillet-gnocchi/p/21021889_EA", "Sub Category": null, "English Name": "Skillet Gnocchi ", "Size": "700 g", "Size Label": "ea"}, {"Category": "Pasta & Pasta Sauce", "Aisle": "Pantry", "Sku": "21521122_EA", "Regular Price": "None", "Sale Price": "4.29", "Image": "https://assets.shop.loblaws.ca/products/21521122/b1/en/front/21521122_front_a01_@2.png", "Brand": "Ziggy's", "Url": "https://www.maxi.ca/cheese-spinach-ravioli/p/21521122_EA", "Sub Category": null, "English Name": "Cheese & Spinach Ravioli ", "Size": "350 g", "Size Label": "ea"}, {"Category": "Rice", "Aisle": "Pantry", "Sku": "20074783001_EA", "Regular Price": "6.99", "Sale Price": "6.49", "Image": "https://assets.shop.loblaws.ca/products/20074783001/b1/en/front/20074783001_front_a01_@2.png", "Brand": "Minute Rice", "Url": "https://www.maxi.ca/premium-long-grain-rice/p/20074783001_EA", "Sub Category": null, "English Name": "Premium Long Grain Rice", "Size": "1.4 kg", "Size Label": "ea"}, {"Category": "Rice", "Aisle": "Pantry", "Sku": "21405476_EA", "Regular Price": "None", "Sale Price": "3.49", "Image": "https://assets.shop.loblaws.ca/products/21405476/b1/en/front/21405476_front_a01_@2.png", "Brand": "Bens", "Url": "https://www.maxi.ca/basmati/p/21405476_EA", "Sub Category": null, "English Name": "Basmati", "Size": "250 g", "Size Label": "ea"}, {"Category": "Rice", "Aisle": "Pantry", "Sku": "20069589_EA", "Regular Price": "None", "Sale Price": "4.49", "Image": "https://assets.shop.loblaws.ca/products/20069589/b1/en/front/20069589_front_a01_@2.png", "Brand": "No Name", "Url": "https://www.maxi.ca/long-grain-white-rice/p/20069589_EA", "Sub Category": null, "English Name": "Long Grain White Rice", "Size": "2 kg", "Size Label": "ea"}, {"Category": "Rice", "Aisle": "Pantry", "Sku": "20961292_EA", "Regular Price": "None", "Sale Price": "3.79", "Image": "https://assets.shop.loblaws.ca/products/20961292/b1/en/front/20961292_front_a01_@2.png", "Brand": "President's Choice", "Url": "https://www.maxi.ca/jasmine-rice/p/20961292_EA", "Sub Category": null, "English Name": "Jasmine Rice", "Size": "750 g", "Size Label": "ea"}, {"Category": "Rice", "Aisle": "Pantry", "Sku": "20961107_EA", "Regular Price": "None", "Sale Price": "4.00", "Image": "https://assets.shop.loblaws.ca/products/20961107/b1/en/front/20961107_front_a01_@2.png", "Brand": "President's Choice", "Url": "https://www.maxi.ca/basmati-rice/p/20961107_EA", "Sub Category": null, "English Name": "Basmati Rice", "Size": "750 g", "Size Label": "ea"}, {"Category": "Rice", "Aisle": "Pantry", "Sku": "21405472_EA", "Regular Price": "None", "Sale Price": "3.49", "Image": "https://assets.shop.loblaws.ca/products/21405472/b1/en/front/21405472_front_a01_@2.png", "Brand": "Bens", "Url": "https://www.maxi.ca/jasmine/p/21405472_EA", "Sub Category": null, "English Name": "Jasmine", "Size": "240 g", "Size Label": "ea"}, {"Category": "Rice", "Aisle": "Pantry", "Sku": "21405242_EA", "Regular Price": "None", "Sale Price": "3.49", "Image": "https://assets.shop.loblaws.ca/products/21405242/b1/en/front/21405242_front_a01_@2.png", "Brand": "Bens", "Url": "https://www.maxi.ca/long-grain-wild-rice-roasted-chicken/p/21405242_EA", "Sub Category": null, "English Name": "Long Grain & Wild Rice Roasted Chicken", "Size": "250 g", "Size Label": "ea"}, {"Category": "Rice", "Aisle": "Pantry", "Sku": "21404900_EA", "Regular Price": "None", "Sale Price": "3.49", "Image": "https://assets.shop.loblaws.ca/products/21404900/b1/en/front/21404900_front_a01_@2.png", "Brand": "Bens", "Url": "https://www.maxi.ca/vegetable-medley-rice/p/21404900_EA", "Sub Category": null, "English Name": "Vegetable Medley Rice", "Size": "250 g", "Size Label": "ea"}, {"Category": "Rice", "Aisle": "Pantry", "Sku": "20154364_EA", "Regular Price": "None", "Sale Price": "5.49", "Image": "https://assets.shop.loblaws.ca/products/20154364/b1/en/front/20154364_front_a01_@2.png", "Brand": "No Name", "Url": "https://www.maxi.ca/long-grain-parboiled-rice/p/20154364_EA", "Sub Category": null, "English Name": "Long Grain Parboiled Rice", "Size": "2 kg", "Size Label": "ea"}, {"Category": "Rice", "Aisle": "Pantry", "Sku": "21404899_EA", "Regular Price": "None", "Sale Price": "3.49", "Image": "https://assets.shop.loblaws.ca/products/21404899/b1/en/front/21404899_front_a01_@2.png", "Brand": "Bens", "Url": "https://www.maxi.ca/mexican-style-rice/p/21404899_EA", "Sub Category": null, "English Name": "Mexican Style Rice", "Size": "250 g", "Size Label": "ea"}, {"Category": "Rice", "Aisle": "Pantry", "Sku": "20310858_EA", "Regular Price": "5.49", "Sale Price": "4.49", "Image": "https://assets.shop.loblaws.ca/products/20310858/b1/en/front/20310858_front_a01_@2.png", "Brand": "Minute Rice", "Url": "https://www.maxi.ca/premium-long-grain-rice/p/20310858_EA", "Sub Category": null, "English Name": "Premium Long Grain Rice", "Size": "700 g", "Size Label": "ea"}, {"Category": "Rice", "Aisle": "Pantry", "Sku": "21035718_EA", "Regular Price": "None", "Sale Price": "6.99", "Image": "https://assets.shop.loblaws.ca/products/21035718/b1/en/front/21035718_front_a01_@2.png", "Brand": "Dainty", "Url": "https://www.maxi.ca/basmati-rice/p/21035718_EA", "Sub Category": null, "English Name": "Basmati Rice     ", "Size": "900 g", "Size Label": "ea"}, {"Category": "Rice", "Aisle": "Pantry", "Sku": "21405127_EA", "Regular Price": "None", "Sale Price": "3.49", "Image": "https://assets.shop.loblaws.ca/products/21405127/b1/en/front/21405127_front_a01_@2.png", "Brand": "Bens", "Url": "https://www.maxi.ca/fried-style-rice/p/21405127_EA", "Sub Category": null, "English Name": "Fried Style Rice", "Size": "250 g", "Size Label": "ea"}, {"Category": "Rice", "Aisle": "Pantry", "Sku": "21405178_EA", "Regular Price": "None", "Sale Price": "3.49", "Image": "https://assets.shop.loblaws.ca/products/21405178/b1/en/front/21405178_front_a01_@2.png", "Brand": "Bens", "Url": "https://www.maxi.ca/butter-garlic-flavour/p/21405178_EA", "Sub Category": null, "English Name": "Butter & Garlic Flavour", "Size": "250 g", "Size Label": "ea"}, {"Category": "Rice", "Aisle": "Pantry", "Sku": "21404895_EA", "Regular Price": "None", "Sale Price": "3.49", "Image": "https://assets.shop.loblaws.ca/products/21404895/b1/en/front/21404895_front_a01_@2.png", "Brand": "Bens", "Url": "https://www.maxi.ca/long-grain-wild-rice-mushroom-flavour/p/21404895_EA", "Sub Category": null, "English Name": "Long Grain & Wild Rice Mushroom Flavour", "Size": "250 g", "Size Label": "ea"}, {"Category": "Rice", "Aisle": "Pantry", "Sku": "21404894_EA", "Regular Price": "None", "Sale Price": "3.49", "Image": "https://assets.shop.loblaws.ca/products/21404894/b1/en/front/21404894_front_a01_@2.png", "Brand": "Bens", "Url": "https://www.maxi.ca/broccoli-cheddar-flavour-rice/p/21404894_EA", "Sub Category": null, "English Name": "Broccoli & Cheddar Flavour Rice", "Size": "240 g", "Size Label": "ea"}, {"Category": "Rice", "Aisle": "Pantry", "Sku": "20971229_EA", "Regular Price": "None", "Sale Price": "5.99", "Image": "https://assets.shop.loblaws.ca/products/20971229/b1/en/front/20971229_front_a01_@2.png", "Brand": "President's Choice", "Url": "https://www.maxi.ca/arborio-superfino-rice/p/20971229_EA", "Sub Category": null, "English Name": "Arborio Superfino Rice", "Size": "750 g", "Size Label": "ea"}, {"Category": "Rice", "Aisle": "Pantry", "Sku": "21405433_EA", "Regular Price": "None", "Sale Price": "3.49", "Image": "https://assets.shop.loblaws.ca/products/21405433/b1/en/front/21405433_front_a01_@2.png", "Brand": "Bens", "Url": "https://www.maxi.ca/long-grain-wild-rice-fine-herbs/p/21405433_EA", "Sub Category": null, "English Name": "Long Grain & Wild Rice Fine Herbs", "Size": "250 g", "Size Label": "ea"}, {"Category": "Rice", "Aisle": "Pantry", "Sku": "21405467_EA", "Regular Price": "None", "Sale Price": "3.49", "Image": "https://assets.shop.loblaws.ca/products/21405467/b1/en/front/21405467_front_a01_@2.png", "Brand": "Bens", "Url": "https://www.maxi.ca/wholegrain-brown-rice/p/21405467_EA", "Sub Category": null, "English Name": "Wholegrain Brown Rice", "Size": "250 g", "Size Label": "ea"}, {"Category": "Rice", "Aisle": "Pantry", "Sku": "20845425_EA", "Regular Price": "None", "Sale Price": "12.49", "Image": "https://assets.shop.loblaws.ca/products/20845425/b1/en/front/20845425_front_a01_@2.png", "Brand": "No Name", "Url": "https://www.maxi.ca/basmati-rice/p/20845425_EA", "Sub Category": null, "English Name": "Basmati Rice", "Size": "3.63 kg", "Size Label": "ea"}, {"Category": "Rice", "Aisle": "Pantry", "Sku": "20377442_EA", "Regular Price": "None", "Sale Price": "5.00", "Image": "https://assets.shop.loblaws.ca/products/20377442/b1/en/front/20377442_front_a01_@2.png", "Brand": "President's Choice", "Url": "https://www.maxi.ca/long-grain-instant-rice/p/20377442_EA", "Sub Category": null, "English Name": "Long Grain Instant Rice", "Size": "700 g", "Size Label": "ea"}, {"Category": "Rice", "Aisle": "Pantry", "Sku": "21035720_EA", "Regular Price": "None", "Sale Price": "6.29", "Image": "https://assets.shop.loblaws.ca/products/21035720/b1/en/front/21035720_front_a01_@2.png", "Brand": "Dainty", "Url": "https://www.maxi.ca/jasmine-rice/p/21035720_EA", "Sub Category": null, "English Name": "Jasmine Rice     ", "Size": "900 g", "Size Label": "ea"}, {"Category": "Rice", "Aisle": "Pantry", "Sku": "21397567_EA", "Regular Price": "None", "Sale Price": "5.49", "Image": "https://assets.shop.loblaws.ca/products/21397567/b1/en/front/21397567_front_a01_@2.png", "Brand": "Bens", "Url": "https://www.maxi.ca/roasted-chicken-flavour-wild-rice/p/21397567_EA", "Sub Category": null, "English Name": "Roasted Chicken Flavour & Wild Rice", "Size": "365 g", "Size Label": "ea"}, {"Category": "Rice", "Aisle": "Pantry", "Sku": "21044741_EA", "Regular Price": "None", "Sale Price": "14.29", "Image": "https://assets.shop.loblaws.ca/products/21044741/b1/en/front/21044741_front_a01_@2.png", "Brand": "President's Choice", "Url": "https://www.maxi.ca/quinoa/p/21044741_EA", "Sub Category": null, "English Name": "Quinoa", "Size": "1.8 kg", "Size Label": "ea"}, {"Category": "Rice", "Aisle": "Pantry", "Sku": "20074783002_EA", "Regular Price": "6.99", "Sale Price": "6.49", "Image": "https://assets.shop.loblaws.ca/products/20074783002/b1/en/front/20074783002_front_a01_@2.png", "Brand": "Minute Rice", "Url": "https://www.maxi.ca/whole-grain-brown-rice/p/20074783002_EA", "Sub Category": null, "English Name": "Whole Grain Brown Rice", "Size": "1.2 kg", "Size Label": "ea"}, {"Category": "Rice", "Aisle": "Pantry", "Sku": "21397499_EA", "Regular Price": "None", "Sale Price": "1.79", "Image": "https://assets.shop.loblaws.ca/products/21397499/b1/en/front/21397499_front_a01_@2.png", "Brand": "Bens", "Url": "https://www.maxi.ca/fine-herb-wild-rice/p/21397499_EA", "Sub Category": null, "English Name": "Fine Herb & Wild Rice", "Size": "132 g", "Size Label": "ea"}, {"Category": "Rice", "Aisle": "Pantry", "Sku": "21404852_EA", "Regular Price": "None", "Sale Price": "3.49", "Image": "https://assets.shop.loblaws.ca/products/21404852/b1/en/front/21404852_front_a01_@2.png", "Brand": "Bens", "Url": "https://www.maxi.ca/white-basmati-coconut-rice/p/21404852_EA", "Sub Category": null, "English Name": "White Basmati Coconut Rice", "Size": "240 g", "Size Label": "ea"}, {"Category": "Rice", "Aisle": "Pantry", "Sku": "21405184_EA", "Regular Price": "None", "Sale Price": "3.49", "Image": "https://assets.shop.loblaws.ca/products/21405184/b1/en/front/21405184_front_a01_@2.png", "Brand": "Bens", "Url": "https://www.maxi.ca/pilaf-rice/p/21405184_EA", "Sub Category": null, "English Name": "Pilaf Rice", "Size": "250 g", "Size Label": "ea"}, {"Category": "Rice", "Aisle": "Pantry", "Sku": "20110052001_EA", "Regular Price": "None", "Sale Price": "2.99", "Image": "https://assets.shop.loblaws.ca/products/20110052001/b1/en/front/20110052001_front_a01_@2.png", "Brand": "Minute Rice", "Url": "https://www.maxi.ca/ready-to-serve-long-grain-wild-rice-chicken/p/20110052001_EA", "Sub Category": null, "English Name": "Ready To Serve, Long Grain & Wild Rice Chicken", "Size": "250 g", "Size Label": "ea"}, {"Category": "Rice", "Aisle": "Pantry", "Sku": "21397421_EA", "Regular Price": "None", "Sale Price": "1.79", "Image": "https://assets.shop.loblaws.ca/products/21397421/b1/en/front/21397421_front_a01_@2.png", "Brand": "Bens", "Url": "https://www.maxi.ca/broccoli-cheddar-flavour-rice/p/21397421_EA", "Sub Category": null, "English Name": "Broccoli & Cheddar Flavour Rice", "Size": "132 g", "Size Label": "ea"}, {"Category": "Rice", "Aisle": "Pantry", "Sku": "21535549_EA", "Regular Price": "None", "Sale Price": "9.79", "Image": "https://assets.shop.loblaws.ca/products/21535549/b1/en/front/21535549_front_a01_@2.png", "Brand": "Bens Original", "Url": "https://www.maxi.ca/converted-long-grain-rice/p/21535549_EA", "Sub Category": null, "English Name": "Converted Long Grain Rice", "Size": "2.2 kg", "Size Label": "ea"}, {"Category": "Rice", "Aisle": "Pantry", "Sku": "21391387_EA", "Regular Price": "None", "Sale Price": "3.29", "Image": "https://assets.shop.loblaws.ca/products/21391387/b1/en/front/21391387_front_a01_@2.png", "Brand": "President's Choice", "Url": "https://www.maxi.ca/jasmine-rice/p/21391387_EA", "Sub Category": null, "English Name": "Jasmine Rice ", "Size": "250 g", "Size Label": "ea"}, {"Category": "Rice", "Aisle": "Pantry", "Sku": "21535597_EA", "Regular Price": "None", "Sale Price": "5.49", "Image": "https://assets.shop.loblaws.ca/products/21535597/b1/en/front/21535597_front_a01_@2.png", "Brand": "Bens Original", "Url": "https://www.maxi.ca/bistro-express-rice-side-dish-jasmine-rice-family/p/21535597_EA", "Sub Category": null, "English Name": "Bistro Express Rice Side Dish Jasmine Rice Family Size", "Size": "490 g", "Size Label": "ea"}, {"Category": "Rice", "Aisle": "Pantry", "Sku": "21494285_EA", "Regular Price": "None", "Sale Price": "3.99", "Image": "https://assets.shop.loblaws.ca/products/21494285/b1/en/front/21494285_front_a01_@2.png", "Brand": "Bens", "Url": "https://www.maxi.ca/organic-brown-wild-rice-tomato-roasted-garlic-flav/p/21494285_EA", "Sub Category": null, "English Name": "Organic Brown & Wild Rice Tomato & Roasted Garlic Flavour ", "Size": "240 g", "Size Label": "ea"}, {"Category": "Rice", "Aisle": "Pantry", "Sku": "21535323_EA", "Regular Price": "None", "Sale Price": "5.49", "Image": "https://assets.shop.loblaws.ca/products/21535323/b1/en/front/21535323_front_a01_@2.png", "Brand": "Bens Original", "Url": "https://www.maxi.ca/bistro-express-rice-side-dish-mexican-style-family/p/21535323_EA", "Sub Category": null, "English Name": "Bistro Express Rice Side Dish Mexican Style Family Size", "Size": "0.49 kg", "Size Label": "ea"}, {"Category": "Rice", "Aisle": "Pantry", "Sku": "21397411_EA", "Regular Price": "None", "Sale Price": "15.99", "Image": "https://assets.shop.loblaws.ca/products/21397411/b1/en/front/21397411_front_a01_@2.png", "Brand": "Bens", "Url": "https://www.maxi.ca/converted-rice/p/21397411_EA", "Sub Category": null, "English Name": "Converted Rice", "Size": "4 kg", "Size Label": "ea"}, {"Category": "Rice", "Aisle": "Pantry", "Sku": "21391400_EA", "Regular Price": "None", "Sale Price": "3.29", "Image": "https://assets.shop.loblaws.ca/products/21391400/b1/en/front/21391400_front_a01_@2.png", "Brand": "President's Choice", "Url": "https://www.maxi.ca/side-dish-quinoa/p/21391400_EA", "Sub Category": null, "English Name": "Side Dish Quinoa", "Size": "250 g", "Size Label": "ea"}, {"Category": "Rice", "Aisle": "Pantry", "Sku": "21397550_EA", "Regular Price": "None", "Sale Price": "12.99", "Image": "https://assets.shop.loblaws.ca/products/21397550/b1/en/front/21397550_front_a01_@2.png", "Brand": "Bens", "Url": "https://www.maxi.ca/basmati-rice/p/21397550_EA", "Sub Category": null, "English Name": "Basmati Rice", "Size": "1.6 kg", "Size Label": "ea"}, {"Category": "Rice", "Aisle": "Pantry", "Sku": "20325219001_EA", "Regular Price": "None", "Sale Price": "2.00", "Image": "https://assets.shop.loblaws.ca/products/20325219001/b1/en/front/20325219001_front_a01_@2.png", "Brand": "Dainty", "Url": "https://www.maxi.ca/fried-rice-chicken/p/20325219001_EA", "Sub Category": null, "English Name": "Fried Rice, Chicken", "Size": "350 g", "Size Label": "ea"}, {"Category": "Rice", "Aisle": "Pantry", "Sku": "21535600_EA", "Regular Price": "None", "Sale Price": "5.49", "Image": "https://assets.shop.loblaws.ca/products/21535600/b1/en/front/21535600_front_a01_@2.png", "Brand": "Bens Original", "Url": "https://www.maxi.ca/bistro-express-rice-side-dish-vegetable-medley-fam/p/21535600_EA", "Sub Category": null, "English Name": "Bistro Express Rice Side Dish Vegetable Medley Family Size", "Size": "490 g", "Size Label": "ea"}, {"Category": "Rice", "Aisle": "Pantry", "Sku": "21494288_EA", "Regular Price": "None", "Sale Price": "3.99", "Image": "https://assets.shop.loblaws.ca/products/21494288/b1/en/front/21494288_front_a01_@2.png", "Brand": "Bens", "Url": "https://www.maxi.ca/organic-rice-side-dish-basmati-rice/p/21494288_EA", "Sub Category": null, "English Name": "Organic Rice Side Dish Basmati Rice ", "Size": "240 g", "Size Label": "ea"}, {"Category": "Rice", "Aisle": "Pantry", "Sku": "20166138_EA", "Regular Price": "None", "Sale Price": "11.79", "Image": "https://assets.shop.loblaws.ca/products/20166138/b1/en/front/20166138_front_a01_@2.png", "Brand": "No Name", "Url": "https://www.maxi.ca/long-grain-parboiled-rice/p/20166138_EA", "Sub Category": null, "English Name": "Long Grain Parboiled Rice", "Size": "4 kg", "Size Label": "ea"}, {"Category": "Rice", "Aisle": "Pantry", "Sku": "20104287_EA", "Regular Price": "None", "Sale Price": "7.49", "Image": "https://assets.shop.loblaws.ca/products/20104287/b1/en/front/20104287_front_a01_@2.png", "Brand": "No Name", "Url": "https://www.maxi.ca/medium-grain-calrose-rice/p/20104287_EA", "Sub Category": null, "English Name": "Medium Grain Calrose Rice", "Size": "2 kg", "Size Label": "ea"}, {"Category": "Rice", "Aisle": "Pantry", "Sku": "21535577_EA", "Regular Price": "None", "Sale Price": "5.49", "Image": "https://assets.shop.loblaws.ca/products/21535577/b1/en/front/21535577_front_a01_@2.png", "Brand": "Bens Original", "Url": "https://www.maxi.ca/bistro-express-rice-side-dish-basmati-rice-family/p/21535577_EA", "Sub Category": null, "English Name": "Bistro Express Rice Side Dish Basmati Rice Family Size", "Size": "490 g", "Size Label": "ea"}, {"Category": "Rice", "Aisle": "Pantry", "Sku": "21194990_EA", "Regular Price": "None", "Sale Price": "7.99", "Image": "https://assets.shop.loblaws.ca/products/21194990/b1/en/front/21194990_front_a01_@2.png", "Brand": "President's Choice", "Url": "https://www.maxi.ca/long-grain-instant-rice/p/21194990_EA", "Sub Category": null, "English Name": "Long Grain Instant Rice", "Size": "1.4 kg", "Size Label": "ea"}, {"Category": "Rice", "Aisle": "Pantry", "Sku": "21405268_EA", "Regular Price": "None", "Sale Price": "3.49", "Image": "https://assets.shop.loblaws.ca/products/21405268/b1/en/front/21405268_front_a01_@2.png", "Brand": "Bens", "Url": "https://www.maxi.ca/white-jasmine-rice-coconut-flavour/p/21405268_EA", "Sub Category": null, "English Name": "White Jasmine Rice Coconut Flavour", "Size": "240 g", "Size Label": "ea"}, {"Category": "Rice", "Aisle": "Pantry", "Sku": "21397247_EA", "Regular Price": "None", "Sale Price": "5.49", "Image": "https://assets.shop.loblaws.ca/products/21397247/b1/en/front/21397247_front_a01_@2.png", "Brand": "Bens", "Url": "https://www.maxi.ca/tomato-basil-flavour-rice/p/21397247_EA", "Sub Category": null, "English Name": "Tomato & Basil Flavour Rice", "Size": "397 g", "Size Label": "ea"}, {"Category": "Rice", "Aisle": "Pantry", "Sku": "21527233_EA", "Regular Price": "None", "Sale Price": "2.99", "Image": "https://assets.shop.loblaws.ca/products/21527233/b1/en/front/21527233_front_a01_@2.png", "Brand": "Minute Rice", "Url": "https://www.maxi.ca/fully-cooked-rice-white-rice/p/21527233_EA", "Sub Category": null, "English Name": "Fully Cooked Rice White Rice", "Size": "250 g", "Size Label": "ea"}, {"Category": "Rice", "Aisle": "Pantry", "Sku": "21397296_EA", "Regular Price": "None", "Sale Price": "5.49", "Image": "https://assets.shop.loblaws.ca/products/21397296/b1/en/front/21397296_front_a01_@2.png", "Brand": "Bens", "Url": "https://www.maxi.ca/jasmine-10-minute-rice/p/21397296_EA", "Sub Category": null, "English Name": "Jasmine 10 Minute Rice", "Size": "460 g", "Size Label": "ea"}, {"Category": "Rice", "Aisle": "Pantry", "Sku": "21397365_EA", "Regular Price": "None", "Sale Price": "1.79", "Image": "https://assets.shop.loblaws.ca/products/21397365/b1/en/front/21397365_front_a01_@2.png", "Brand": "Bens", "Url": "https://www.maxi.ca/chinese-style-fried-rice/p/21397365_EA", "Sub Category": null, "English Name": "Chinese Style Fried Rice", "Size": "132 g", "Size Label": "ea"}, {"Category": "Rice", "Aisle": "Pantry", "Sku": "21397330_EA", "Regular Price": "None", "Sale Price": "1.79", "Image": "https://assets.shop.loblaws.ca/products/21397330/b1/en/front/21397330_front_a01_@2.png", "Brand": "Bens", "Url": "https://www.maxi.ca/garden-vegetable-style-rice/p/21397330_EA", "Sub Category": null, "English Name": "Garden Vegetable Style Rice", "Size": "132 g", "Size Label": "ea"}, {"Category": "Rice", "Aisle": "Pantry", "Sku": "21391395_EA", "Regular Price": "None", "Sale Price": "3.29", "Image": "https://assets.shop.loblaws.ca/products/21391395/b1/en/front/21391395_front_a01_@2.png", "Brand": "President's Choice", "Url": "https://www.maxi.ca/side-dish-brown-rice/p/21391395_EA", "Sub Category": null, "English Name": "Side Dish Brown Rice", "Size": "250 g", "Size Label": "ea"}, {"Category": "Rice", "Aisle": "Pantry", "Sku": "21397367_EA", "Regular Price": "None", "Sale Price": "5.49", "Image": "https://assets.shop.loblaws.ca/products/21397367/b1/en/front/21397367_front_a01_@2.png", "Brand": "Bens", "Url": "https://www.maxi.ca/roasted-olive-oil/p/21397367_EA", "Sub Category": null, "English Name": "Roasted Olive Oil", "Size": "365 g", "Size Label": "ea"}, {"Category": "Rice", "Aisle": "Pantry", "Sku": "20325219007_EA", "Regular Price": "None", "Sale Price": "2.00", "Image": "https://assets.shop.loblaws.ca/products/20325219007/b1/en/front/20325219007_front_a01_@2.png", "Brand": "Dainty", "Url": "https://www.maxi.ca/instant-primavera/p/20325219007_EA", "Sub Category": null, "English Name": "Instant Primavera", "Size": "350 g", "Size Label": "ea"}, {"Category": "Rice", "Aisle": "Pantry", "Sku": "21537156_EA", "Regular Price": "None", "Sale Price": "3.99", "Image": "https://assets.shop.loblaws.ca/products/21537156/b1/en/front/21537156_front_a01_@2.png", "Brand": "Bens Original", "Url": "https://www.maxi.ca/grain-side-dish-chinese-style-five-spice/p/21537156_EA", "Sub Category": null, "English Name": "Grain Side Dish Chinese Style Five Spice", "Size": "240 g", "Size Label": "ea"}, {"Category": "Rice", "Aisle": "Pantry", "Sku": "21397281_EA", "Regular Price": "None", "Sale Price": "5.49", "Image": "https://assets.shop.loblaws.ca/products/21397281/b1/en/front/21397281_front_a01_@2.png", "Brand": "Bens", "Url": "https://www.maxi.ca/garlic-butter-flavour-rice/p/21397281_EA", "Sub Category": null, "English Name": "Garlic & Butter Flavour Rice", "Size": "397 g", "Size Label": "ea"}, {"Category": "Rice", "Aisle": "Pantry", "Sku": "21397275_EA", "Regular Price": "None", "Sale Price": "5.49", "Image": "https://assets.shop.loblaws.ca/products/21397275/b1/en/front/21397275_front_a01_@2.png", "Brand": "Bens", "Url": "https://www.maxi.ca/chicken-herb-flavour-rice/p/21397275_EA", "Sub Category": null, "English Name": "Chicken & Herb Flavour Rice", "Size": "397 g", "Size Label": "ea"}, {"Category": "Rice", "Aisle": "Pantry", "Sku": "21397412_EA", "Regular Price": "None", "Sale Price": "1.79", "Image": "https://assets.shop.loblaws.ca/products/21397412/b1/en/front/21397412_front_a01_@2.png", "Brand": "Bens", "Url": "https://www.maxi.ca/homestyle-chicken-flavour-wild-rice/p/21397412_EA", "Sub Category": null, "English Name": "Homestyle Chicken Flavour & Wild Rice", "Size": "132 g", "Size Label": "ea"}, {"Category": "Rice", "Aisle": "Pantry", "Sku": "21391403_EA", "Regular Price": "None", "Sale Price": "3.29", "Image": "https://assets.shop.loblaws.ca/products/21391403/b1/en/front/21391403_front_a01_@2.png", "Brand": "President's Choice", "Url": "https://www.maxi.ca/side-dish-basmati-rice/p/21391403_EA", "Sub Category": null, "English Name": "Side Dish Basmati Rice", "Size": "250 g", "Size Label": "ea"}, {"Category": "Rice", "Aisle": "Pantry", "Sku": "21537189_EA", "Regular Price": "None", "Sale Price": "3.99", "Image": "https://assets.shop.loblaws.ca/products/21537189/b1/en/front/21537189_front_a01_@2.png", "Brand": "Bens Original", "Url": "https://www.maxi.ca/grain-side-dish-tomato-herbs/p/21537189_EA", "Sub Category": null, "English Name": "Grain Side Dish Tomato & Herbs", "Size": "240 g", "Size Label": "ea"}, {"Category": "Rice", "Aisle": "Pantry", "Sku": "21397514_EA", "Regular Price": "7.99", "Sale Price": "5.99", "Image": "https://assets.shop.loblaws.ca/products/21397514/b1/en/front/21397514_front_a01_@2.png", "Brand": "Bens", "Url": "https://www.maxi.ca/quick-cook-perfection/p/21397514_EA", "Sub Category": null, "English Name": "Quick Cook Perfection", "Size": "1.6 kg", "Size Label": "ea"}, {"Category": "Rice", "Aisle": "Pantry", "Sku": "21537379_EA", "Regular Price": "None", "Sale Price": "3.99", "Image": "https://assets.shop.loblaws.ca/products/21537379/b1/en/front/21537379_front_a01_@2.png", "Brand": "Bens Original", "Url": "https://www.maxi.ca/grain-side-dish-caribbean-style/p/21537379_EA", "Sub Category": null, "English Name": "Grain Side Dish Caribbean Style", "Size": "240 g", "Size Label": "ea"}, {"Category": "Rice", "Aisle": "Pantry", "Sku": "21496274_EA", "Regular Price": "19.99", "Sale Price": "13.88", "Image": "https://assets.shop.loblaws.ca/products/21496274/b1/en/front/21496274_front_a01_@2.png", "Brand": "Jasmine Gold", "Url": "https://www.maxi.ca/thai-jasmine-rice/p/21496274_EA", "Sub Category": null, "English Name": "Thai Jasmine Rice", "Size": "8 kg", "Size Label": "ea"}, {"Category": "Rice", "Aisle": "Pantry", "Sku": "21405191_EA", "Regular Price": "None", "Sale Price": "3.49", "Image": "https://assets.shop.loblaws.ca/products/21405191/b1/en/front/21405191_front_a01_@2.png", "Brand": "Bens", "Url": "https://www.maxi.ca/long-grain-wild-rice-roasted-garlic-flavour/p/21405191_EA", "Sub Category": null, "English Name": "Long Grain & Wild Rice Roasted Garlic Flavour", "Size": "250 g", "Size Label": "ea"}, {"Category": "Rice", "Aisle": "Pantry", "Sku": "21494290_EA", "Regular Price": "None", "Sale Price": "3.99", "Image": "https://assets.shop.loblaws.ca/products/21494290/b1/en/front/21494290_front_a01_@2.png", "Brand": "Bens", "Url": "https://www.maxi.ca/organic-quinoa-brown-rice-with-garlic-flavour/p/21494290_EA", "Sub Category": null, "English Name": "Organic Quinoa & Brown Rice With Garlic Flavour ", "Size": "240 g", "Size Label": "ea"}, {"Category": "Rice", "Aisle": "Pantry", "Sku": "20325219002_EA", "Regular Price": "None", "Sale Price": "2.00", "Image": "https://assets.shop.loblaws.ca/products/20325219002/b1/en/front/20325219002_front_a01_@2.png", "Brand": "Dainty", "Url": "https://www.maxi.ca/chinese-fried-rice/p/20325219002_EA", "Sub Category": null, "English Name": "Chinese Fried Rice", "Size": "350 g", "Size Label": "ea"}, {"Category": "Rice", "Aisle": "Pantry", "Sku": "20156226_EA", "Regular Price": "None", "Sale Price": "13.99", "Image": "https://assets.shop.loblaws.ca/products/20156226/b1/en/front/20156226_front_a01_@2.png", "Brand": "No Name", "Url": "https://www.maxi.ca/long-grain-white-rice/p/20156226_EA", "Sub Category": null, "English Name": "Long Grain White Rice", "Size": "8 kg", "Size Label": "ea"}, {"Category": "Rice", "Aisle": "Pantry", "Sku": "21310824_EA", "Regular Price": "None", "Sale Price": "4.99", "Image": "https://assets.shop.loblaws.ca/products/21310824/b1/en/front/21310824_front_a01_@2.png", "Brand": "Dainty", "Url": "https://www.maxi.ca/royal-long-grain-rice/p/21310824_EA", "Sub Category": null, "English Name": "Royal Long Grain Rice", "Size": "900 g", "Size Label": "ea"}, {"Category": "Rice", "Aisle": "Pantry", "Sku": "20325219004_EA", "Regular Price": "None", "Sale Price": "2.00", "Image": "https://assets.shop.loblaws.ca/products/20325219004/b1/en/front/20325219004_front_a01_@2.png", "Brand": "Dainty", "Url": "https://www.maxi.ca/instant-pilaf/p/20325219004_EA", "Sub Category": null, "English Name": "Instant Pilaf", "Size": "350 g", "Size Label": "ea"}, {"Category": "Rice", "Aisle": "Pantry", "Sku": "21397305_EA", "Regular Price": "None", "Sale Price": "5.49", "Image": "https://assets.shop.loblaws.ca/products/21397305/b1/en/front/21397305_front_a01_@2.png", "Brand": "Bens", "Url": "https://www.maxi.ca/basmati-10-minute-rice/p/21397305_EA", "Sub Category": null, "English Name": "Basmati 10 Minute Rice", "Size": "400 g", "Size Label": "ea"}, {"Category": "Bulk Nuts and Candy", "Aisle": "Pantry", "Sku": "21158602_EA", "Regular Price": "None", "Sale Price": "5.50", "Image": "https://assets.shop.loblaws.ca/products/21158602/b1/en/front/21158602_front_a01_@2.png", "Brand": "Basse", "Url": "https://www.maxi.ca/bass-cranberry-trek-mix/p/21158602_EA", "Sub Category": null, "English Name": "Bass\u00e9 Cranberry Trek Mix", "Size": "550 g", "Size Label": "ea"}, {"Category": "Bulk Nuts and Candy", "Aisle": "Pantry", "Sku": "21158610_EA", "Regular Price": "None", "Sale Price": "5.50", "Image": "https://assets.shop.loblaws.ca/products/21158610/b1/en/front/21158610_front_a01_@2.png", "Brand": "Basse", "Url": "https://www.maxi.ca/bass-earth-mix/p/21158610_EA", "Sub Category": null, "English Name": "Bass\u00e9 Earth Mix", "Size": "445 g", "Size Label": "ea"}, {"Category": "Bulk Nuts and Candy", "Aisle": "Pantry", "Sku": "21158617_EA", "Regular Price": "None", "Sale Price": "5.50", "Image": "https://assets.shop.loblaws.ca/products/21158617/b1/en/front/21158617_front_a01_@2.png", "Brand": "Basse", "Url": "https://www.maxi.ca/bass-island-mix/p/21158617_EA", "Sub Category": null, "English Name": "Bass\u00e9 Island Mix", "Size": "415 g", "Size Label": "ea"}, {"Category": "South Asian Foods", "Aisle": "International Foods", "Sku": "20091825001_EA", "Regular Price": "None", "Sale Price": "0.99", "Image": "https://assets.shop.loblaws.ca/products/20091825001/b1/en/front/20091825001_front_a01_@2.png", "Brand": null, "Url": "https://www.maxi.ca/cilantro/p/20091825001_EA", "Sub Category": null, "English Name": "Cilantro", "Size": "1 bunch", "Size Label": "ea"}, {"Category": "South Asian Foods", "Aisle": "International Foods", "Sku": "20143381001_KG", "Regular Price": "0.66", "Sale Price": "0.53", "Image": "https://assets.shop.loblaws.ca/products/20143381001/b1/en/front/20143381001_front_a01_@2.png", "Brand": null, "Url": "https://www.maxi.ca/roma-tomatoes/p/20143381001_KG", "Sub Category": null, "English Name": "Roma Tomatoes", "Size": "$4.39/1kg $1.99/1lb", "Size Label": "ea"}, {"Category": "South Asian Foods", "Aisle": "International Foods", "Sku": "20179038001_KG", "Regular Price": "None", "Sale Price": "1.66", "Image": "https://assets.shop.loblaws.ca/products/20179038001/b1/en/front/20179038001_front_a01_@2.png", "Brand": null, "Url": "https://www.maxi.ca/ginger/p/20179038001_KG", "Sub Category": null, "English Name": "Ginger", "Size": "$7.91/1kg $3.59/1lb", "Size Label": "ea"}, {"Category": "South Asian Foods", "Aisle": "International Foods", "Sku": "21004355001_EA", "Regular Price": "1.29", "Sale Price": "0.88", "Image": "https://assets.shop.loblaws.ca/products/21004355001/b1/en/front/21004355001_front_a01_@2.png", "Brand": "Rooster", "Url": "https://www.maxi.ca/garlic-bulbs-3-count/p/21004355001_EA", "Sub Category": null, "English Name": "Garlic Bulbs, 3-count", "Size": "90 g", "Size Label": "ea"}, {"Category": "South Asian Foods", "Aisle": "International Foods", "Sku": "20135581001_KG", "Regular Price": "None", "Sale Price": "1.54", "Image": "https://assets.shop.loblaws.ca/products/20135581001/b1/en/front/20135581001_front_a01_@2.png", "Brand": null, "Url": "https://www.maxi.ca/colossal-garlic/p/20135581001_KG", "Sub Category": null, "English Name": "Colossal Garlic", "Size": "$15.41/1kg $6.99/1lb", "Size Label": "ea"}, {"Category": "South Asian Foods", "Aisle": "International Foods", "Sku": "20059635001_EA", "Regular Price": "None", "Sale Price": "1.49", "Image": "https://assets.shop.loblaws.ca/products/20059635001/b1/en/front/20059635001_front_a01_@2.png", "Brand": null, "Url": "https://www.maxi.ca/mango/p/20059635001_EA", "Sub Category": null, "English Name": "Mango", "Size": "1 ea", "Size Label": "ea"}, {"Category": "South Asian Foods", "Aisle": "International Foods", "Sku": "20811362001_EA", "Regular Price": "None", "Sale Price": "4.99", "Image": "https://assets.shop.loblaws.ca/products/20811362001/b1/en/front/20811362001_front_a01_@2.png", "Brand": "Farmer's Market", "Url": "https://www.maxi.ca/red-onions/p/20811362001_EA", "Sub Category": null, "English Name": "Red Onions", "Size": "3 lb bag", "Size Label": "ea"}, {"Category": "South Asian Foods", "Aisle": "International Foods", "Sku": "20155709001_KG", "Regular Price": "None", "Sale Price": "3.76", "Image": "https://assets.shop.loblaws.ca/products/20155709001/b1/en/front/20155709001_front_a01_@2.png", "Brand": null, "Url": "https://www.maxi.ca/purple-eggplants/p/20155709001_KG", "Sub Category": null, "English Name": "Purple Eggplants", "Size": "$6.59/1kg $2.99/1lb", "Size Label": "ea"}, {"Category": "South Asian Foods", "Aisle": "International Foods", "Sku": "20162840001_EA", "Regular Price": "None", "Sale Price": "2.49", "Image": "https://assets.shop.loblaws.ca/products/20162840001/b1/en/front/20162840001_front_a01_@2.png", "Brand": null, "Url": "https://www.maxi.ca/spinach-bunched/p/20162840001_EA", "Sub Category": null, "English Name": "Spinach, Bunched", "Size": "1 ea", "Size Label": "ea"}, {"Category": "South Asian Foods", "Aisle": "International Foods", "Sku": "20159013001_KG", "Regular Price": "None", "Sale Price": "1.65", "Image": "https://assets.shop.loblaws.ca/products/20159013001/b1/en/front/20159013001_front_a01_@2.png", "Brand": null, "Url": "https://www.maxi.ca/long-eggplants/p/20159013001_KG", "Sub Category": null, "English Name": "Long Eggplants", "Size": "$6.59/1kg $2.99/1lb", "Size Label": "ea"}, {"Category": "South Asian Foods", "Aisle": "International Foods", "Sku": "20717130001_EA", "Regular Price": "None", "Sale Price": "4.49", "Image": "https://assets.shop.loblaws.ca/products/20717130001/b1/en/front/20717130001_front_a01_@2.png", "Brand": "PC Organics", "Url": "https://www.maxi.ca/organic-garlic/p/20717130001_EA", "Sub Category": null, "English Name": "Organic Garlic", "Size": "115 g", "Size Label": "ea"}, {"Category": "South Asian Foods", "Aisle": "International Foods", "Sku": "20887498001_EA", "Regular Price": "None", "Sale Price": "7.00", "Image": "https://assets.shop.loblaws.ca/products/20887498001/b1/en/front/20887498001_front_a01_@2.png", "Brand": "Farmer's Market", "Url": "https://www.maxi.ca/roma-tomatoes/p/20887498001_EA", "Sub Category": null, "English Name": "Roma Tomatoes", "Size": "1 ea", "Size Label": "ea"}, {"Category": "South Asian Foods", "Aisle": "International Foods", "Sku": "21051353_EA", "Regular Price": "None", "Sale Price": "3.29", "Image": "https://assets.shop.loblaws.ca/products/21051353/b1/en/front/21051353_front_a01_@2.png", "Brand": "Suraj", "Url": "https://www.maxi.ca/naan-original-5-flatbreads/p/21051353_EA", "Sub Category": null, "English Name": "Naan Original 5 Flatbreads", "Size": "500 g", "Size Label": "ea"}, {"Category": "South Asian Foods", "Aisle": "International Foods", "Sku": "20139326001_EA", "Regular Price": "None", "Sale Price": "1.49", "Image": "https://assets.shop.loblaws.ca/products/20139326001/b1/en/front/20139326001_front_a01_@2.png", "Brand": null, "Url": "https://www.maxi.ca/mint-fresh/p/20139326001_EA", "Sub Category": null, "English Name": "Mint, Fresh", "Size": "1 bunch", "Size Label": "ea"}, {"Category": "South Asian Foods", "Aisle": "International Foods", "Sku": "20342261_EA", "Regular Price": "None", "Sale Price": "5.00", "Image": "https://assets.shop.loblaws.ca/products/20342261/b1/en/front/20342261_front_a01_@2.png", "Brand": "Suraj", "Url": "https://www.maxi.ca/naan-original-flatbreads-10-pack/p/20342261_EA", "Sub Category": null, "English Name": "Naan Original Flatbreads, 10 pack", "Size": "1 ea", "Size Label": "ea"}, {"Category": "South Asian Foods", "Aisle": "International Foods", "Sku": "20048070001_EA", "Regular Price": "None", "Sale Price": "4.49", "Image": "https://assets.shop.loblaws.ca/products/20048070001/b1/en/front/20048070001_front_a01_@2.png", "Brand": null, "Url": "https://www.maxi.ca/rapini/p/20048070001_EA", "Sub Category": null, "English Name": "Rapini", "Size": "1 bunch", "Size Label": "ea"}, {"Category": "South Asian Foods", "Aisle": "International Foods", "Sku": "21238843001_EA", "Regular Price": "None", "Sale Price": "6.99", "Image": "https://assets.shop.loblaws.ca/products/21238843001/b1/en/front/21238843001_front_a01_@2.png", "Brand": null, "Url": "https://www.maxi.ca/garlic-bulbs/p/21238843001_EA", "Sub Category": null, "English Name": "Garlic Bulbs", "Size": "1 kg", "Size Label": "ea"}, {"Category": "South Asian Foods", "Aisle": "International Foods", "Sku": "21050380_EA", "Regular Price": "None", "Sale Price": "3.29", "Image": "https://assets.shop.loblaws.ca/products/21050380/b1/en/front/21050380_front_a01_@2.png", "Brand": "Suraj", "Url": "https://www.maxi.ca/naan-garlic-5-flatbreads/p/21050380_EA", "Sub Category": null, "English Name": "Naan Garlic 5 Flatbreads", "Size": "500 g", "Size Label": "ea"}, {"Category": "South Asian Foods", "Aisle": "International Foods", "Sku": "20343319_EA", "Regular Price": "None", "Sale Price": "5.00", "Image": "https://assets.shop.loblaws.ca/products/20343319/b1/en/front/20343319_front_a01_@2.png", "Brand": "Suraj", "Url": "https://www.maxi.ca/naan-garlic-flatbreads/p/20343319_EA", "Sub Category": null, "English Name": "Naan Garlic Flatbreads", "Size": "1 kg", "Size Label": "ea"}, {"Category": "South Asian Foods", "Aisle": "International Foods", "Sku": "20091263001_KG", "Regular Price": "None", "Sale Price": "0.88", "Image": "https://assets.shop.loblaws.ca/products/20091263001/b1/en/front/20091263001_front_a01_@2.png", "Brand": null, "Url": "https://www.maxi.ca/okra/p/20091263001_KG", "Sub Category": null, "English Name": "Okra", "Size": "$3.99/1lb $8.80/1kg", "Size Label": "g"}, {"Category": "South Asian Foods", "Aisle": "International Foods", "Sku": "20121509001_EA", "Regular Price": "None", "Sale Price": "1.99", "Image": "https://assets.shop.loblaws.ca/products/20121509001/b1/en/front/20121509001_front_a01_@2.png", "Brand": null, "Url": "https://www.maxi.ca/ataulfo-mango/p/20121509001_EA", "Sub Category": null, "English Name": "Ataulfo Mango", "Size": "1 ea", "Size Label": "ea"}, {"Category": "South Asian Foods", "Aisle": "International Foods", "Sku": "20142055001_KG", "Regular Price": "None", "Sale Price": "2.77", "Image": "https://assets.shop.loblaws.ca/products/20142055001/b1/en/front/20142055001_front_a01_@2.png", "Brand": null, "Url": "https://www.maxi.ca/opo-squash/p/20142055001_KG", "Sub Category": null, "English Name": "Opo Squash", "Size": "$4.39/1kg $1.99/1lb", "Size Label": "ea"}, {"Category": "South Asian Foods", "Aisle": "International Foods", "Sku": "21102204001_EA", "Regular Price": "None", "Sale Price": "3.49", "Image": "https://assets.shop.loblaws.ca/products/21102204001/b1/en/front/21102204001_front_a01_@2.png", "Brand": "PC Organics", "Url": "https://www.maxi.ca/organic-ginger/p/21102204001_EA", "Sub Category": null, "English Name": "Organic Ginger", "Size": "160 g", "Size Label": "ea"}, {"Category": "South Asian Foods", "Aisle": "International Foods", "Sku": "20171965001_EA", "Regular Price": "None", "Sale Price": "9.99", "Image": "https://assets.shop.loblaws.ca/products/20171965001/b1/en/front/20171965001_front_a01_@2.png", "Brand": "Farmer's Market", "Url": "https://www.maxi.ca/red-onions/p/20171965001_EA", "Sub Category": null, "English Name": "Red Onions", "Size": "10 lb bag", "Size Label": "ea"}, {"Category": "South Asian Foods", "Aisle": "International Foods", "Sku": "20802664_EA", "Regular Price": "None", "Sale Price": "0.39", "Image": "https://assets.shop.loblaws.ca/products/20802664/b1/en/front/20802664_front_a01_@2.png", "Brand": "Maggi", "Url": "https://www.maxi.ca/noodles-masala/p/20802664_EA", "Sub Category": null, "English Name": "Noodles, Masala", "Size": "70 g", "Size Label": "ea"}, {"Category": "South Asian Foods", "Aisle": "International Foods", "Sku": "20636099_EA", "Regular Price": "None", "Sale Price": "2.99", "Image": "https://assets.shop.loblaws.ca/products/20636099/b1/en/front/20636099_front_a01_@2.png", "Brand": null, "Url": "https://www.maxi.ca/garlic-peeled/p/20636099_EA", "Sub Category": null, "English Name": "Garlic, Peeled", "Size": "250 g", "Size Label": "ea"}, {"Category": "South Asian Foods", "Aisle": "International Foods", "Sku": "20005774001_EA", "Regular Price": "None", "Sale Price": "2.49", "Image": "https://assets.shop.loblaws.ca/products/20005774001/b1/en/front/20005774001_front_a01_@2.png", "Brand": null, "Url": "https://www.maxi.ca/coconuts/p/20005774001_EA", "Sub Category": null, "English Name": "Coconuts", "Size": "1 ea", "Size Label": "ea"}, {"Category": "South Asian Foods", "Aisle": "International Foods", "Sku": "21030001001_EA", "Regular Price": "None", "Sale Price": "6.00", "Image": "https://assets.shop.loblaws.ca/products/21030001001/b1/en/front/21030001001_front_a01_@2.png", "Brand": null, "Url": "https://www.maxi.ca/roma-tomatoes/p/21030001001_EA", "Sub Category": null, "English Name": "Roma Tomatoes", "Size": "3 l", "Size Label": "ea"}, {"Category": "South Asian Foods", "Aisle": "International Foods", "Sku": "21099328_EA", "Regular Price": "None", "Sale Price": "5.79", "Image": "https://assets.shop.loblaws.ca/products/21099328/b1/en/front/21099328_front_a01_@2.png", "Brand": "Tre Stelle", "Url": "https://www.maxi.ca/paneer/p/21099328_EA", "Sub Category": null, "English Name": "Paneer", "Size": "350 g", "Size Label": "ea"}, {"Category": "South Asian Foods", "Aisle": "International Foods", "Sku": "20159689001_EA", "Regular Price": "None", "Sale Price": "1.99", "Image": "https://assets.shop.loblaws.ca/products/20159689001/b1/en/front/20159689001_front_a01_@2.png", "Brand": null, "Url": "https://www.maxi.ca/fenugreek/p/20159689001_EA", "Sub Category": null, "English Name": "Fenugreek", "Size": "1 bunch", "Size Label": "ea"}, {"Category": "South Asian Foods", "Aisle": "International Foods", "Sku": "21387721001_EA", "Regular Price": "None", "Sale Price": "3.99", "Image": "https://assets.shop.loblaws.ca/products/21387721001/b1/en/front/21387721001_front_a01_@2.png", "Brand": "Farmer's Market", "Url": "https://www.maxi.ca/mango-red-3ct/p/21387721001_EA", "Sub Category": null, "English Name": "Mango Red 3Ct", "Size": "3 ea", "Size Label": "ea"}, {"Category": "South Asian Foods", "Aisle": "International Foods", "Sku": "21051297001_KG", "Regular Price": "None", "Sale Price": "14.75", "Image": "https://assets.shop.loblaws.ca/products/21051297001/b1/en/front/21051297001_front_a01_@2.png", "Brand": null, "Url": "https://www.maxi.ca/hami-melons/p/21051297001_KG", "Sub Category": null, "English Name": "Hami Melons", "Size": "$5.05/1kg $2.29/1lb", "Size Label": "ea"}, {"Category": "South Asian Foods", "Aisle": "International Foods", "Sku": "20113382001_KG", "Regular Price": "None", "Sale Price": "0.76", "Image": "https://assets.shop.loblaws.ca/products/20113382001/b1/en/front/20113382001_front_a01_@2.png", "Brand": null, "Url": "https://www.maxi.ca/chinese-okra/p/20113382001_KG", "Sub Category": null, "English Name": "Chinese Okra", "Size": "$5.05/1kg $2.29/1lb", "Size Label": "ea"}, {"Category": "South Asian Foods", "Aisle": "International Foods", "Sku": "21195569_EA", "Regular Price": "None", "Sale Price": "3.79", "Image": "https://assets.shop.loblaws.ca/products/21195569/b1/en/front/21195569_front_a01_@2.png", "Brand": "Crispy", "Url": "https://www.maxi.ca/roti-wrap-whole-wheat-15pieces/p/21195569_EA", "Sub Category": null, "English Name": "Roti Wrap Whole Wheat, 15pieces", "Size": "750 g", "Size Label": "ea"}, {"Category": "South Asian Foods", "Aisle": "International Foods", "Sku": "20686417001_KG", "Regular Price": "None", "Sale Price": "14.36", "Image": "https://assets.shop.loblaws.ca/products/20686417001/b1/en/front/20686417001_front_a01_@2.png", "Brand": null, "Url": "https://www.maxi.ca/long-eggplants-1pack/p/20686417001_KG", "Sub Category": null, "English Name": "Long Eggplants (1Pack)", "Size": "$4.49/1lb $9.90/1kg", "Size Label": "ea"}, {"Category": "South Asian Foods", "Aisle": "International Foods", "Sku": "20935181001_KG", "Regular Price": "None", "Sale Price": "3.71", "Image": "https://assets.shop.loblaws.ca/products/20935181001/b1/en/front/20935181001_front_a01_@2.png", "Brand": null, "Url": "https://www.maxi.ca/red-carrots/p/20935181001_KG", "Sub Category": null, "English Name": "Red Carrots", "Size": "$5.49/1kg $2.49/1lb", "Size Label": "ea"}, {"Category": "South Asian Foods", "Aisle": "International Foods", "Sku": "21051030_EA", "Regular Price": "None", "Sale Price": "3.29", "Image": "https://assets.shop.loblaws.ca/products/21051030/b1/en/front/21051030_front_a01_@2.png", "Brand": "Suraj", "Url": "https://www.maxi.ca/naan-whole-wheat-5-flatbreads/p/21051030_EA", "Sub Category": null, "English Name": "Naan Whole Wheat 5 Flatbreads", "Size": "500 g", "Size Label": "ea"}, {"Category": "South Asian Foods", "Aisle": "International Foods", "Sku": "20686141001_KG", "Regular Price": "None", "Sale Price": "5.08", "Image": "https://assets.shop.loblaws.ca/products/20686141001/b1/en/front/20686141001_front_a01_@2.png", "Brand": null, "Url": "https://www.maxi.ca/okra-1-pack/p/20686141001_KG", "Sub Category": null, "English Name": "Okra (1 pack)", "Size": "$12.10/1kg $5.49/1lb", "Size Label": "ea"}, {"Category": "South Asian Foods", "Aisle": "International Foods", "Sku": "20180051_EA", "Regular Price": "None", "Sale Price": "4.49", "Image": "https://assets.shop.loblaws.ca/products/20180051/b1/en/front/20180051_front_a01_@2.png", "Brand": null, "Url": "https://www.maxi.ca/heirloom-ontario-garlic/p/20180051_EA", "Sub Category": null, "English Name": "Heirloom Ontario Garlic", "Size": "115 g", "Size Label": "ea"}, {"Category": "South Asian Foods", "Aisle": "International Foods", "Sku": "20867050001_EA", "Regular Price": "None", "Sale Price": "1.49", "Image": "https://assets.shop.loblaws.ca/products/20867050001/b1/en/front/20867050001_front_a01_@2.png", "Brand": null, "Url": "https://www.maxi.ca/drumstick/p/20867050001_EA", "Sub Category": null, "English Name": "Drumstick", "Size": "1 ea", "Size Label": "ea"}, {"Category": "South Asian Foods", "Aisle": "International Foods", "Sku": "20686142001_KG", "Regular Price": "None", "Sale Price": "2.08", "Image": "https://assets.shop.loblaws.ca/products/20686142001/b1/en/front/20686142001_front_a01_@2.png", "Brand": null, "Url": "https://www.maxi.ca/karela-1pack/p/20686142001_KG", "Sub Category": null, "English Name": "Karela (1Pack)", "Size": "$6.59/1kg $2.99/1lb", "Size Label": "ea"}, {"Category": "South Asian Foods", "Aisle": "International Foods", "Sku": "20866958001_EA", "Regular Price": "None", "Sale Price": "2.99", "Image": "https://assets.shop.loblaws.ca/products/20866958001/b1/en/front/20866958001_front_a01_@2.png", "Brand": null, "Url": "https://www.maxi.ca/curry-leaf-1-pack/p/20866958001_EA", "Sub Category": null, "English Name": "Curry Leaf (1 pack)", "Size": "60 g", "Size Label": "ea"}, {"Category": "South Asian Foods", "Aisle": "International Foods", "Sku": "21454748001_EA", "Regular Price": "None", "Sale Price": "4.50", "Image": "https://assets.shop.loblaws.ca/products/21454748001/b1/en/front/21454748001_front_a01_@2.png", "Brand": "President's Choice", "Url": "https://www.maxi.ca/finger-hot-hot-peppers/p/21454748001_EA", "Sub Category": null, "English Name": "Finger Hot Hot Peppers", "Size": "226 g", "Size Label": "ea"}, {"Category": "South Asian Foods", "Aisle": "International Foods", "Sku": "20812580001_EA", "Regular Price": "None", "Sale Price": "2.49", "Image": "https://assets.shop.loblaws.ca/products/20812580001/b1/en/front/20812580001_front_a01_@2.png", "Brand": null, "Url": "https://www.maxi.ca/maya-mango/p/20812580001_EA", "Sub Category": null, "English Name": "Maya Mango", "Size": "1 ea", "Size Label": "ea"}, {"Category": "South Asian Foods", "Aisle": "International Foods", "Sku": "20710542001_KG", "Regular Price": "None", "Sale Price": "4.10", "Image": "https://assets.shop.loblaws.ca/products/20710542001/b1/en/front/20710542001_front_a01_@2.png", "Brand": null, "Url": "https://www.maxi.ca/indian-okra/p/20710542001_KG", "Sub Category": null, "English Name": "Indian Okra", "Size": "$13.21/1kg $5.99/1lb", "Size Label": "ea"}, {"Category": "South Asian Foods", "Aisle": "International Foods", "Sku": "20693317_EA", "Regular Price": "None", "Sale Price": "4.49", "Image": "https://assets.shop.loblaws.ca/products/20693317/b1/en/front/20693317_front_a01_@2.png", "Brand": "Maggi", "Url": "https://www.maxi.ca/tamarina-sauce/p/20693317_EA", "Sub Category": null, "English Name": "Tamarina Sauce", "Size": "340 ml", "Size Label": "ea"}, {"Category": "South Asian Foods", "Aisle": "International Foods", "Sku": "20863447001_KG", "Regular Price": "None", "Sale Price": "4.32", "Image": "https://assets.shop.loblaws.ca/products/20863447001/b1/en/front/20863447001_front_a01_@2.png", "Brand": null, "Url": "https://www.maxi.ca/turmeric/p/20863447001_KG", "Sub Category": null, "English Name": "Turmeric", "Size": "$13.99/1lb $30.84/1kg", "Size Label": "ea"}, {"Category": "South Asian Foods", "Aisle": "International Foods", "Sku": "20157487001_EA", "Regular Price": "None", "Sale Price": "3.99", "Image": "https://assets.shop.loblaws.ca/products/20157487001/b1/en/front/20157487001_front_a01_@2.png", "Brand": null, "Url": "https://www.maxi.ca/fresh-coconut-young/p/20157487001_EA", "Sub Category": null, "English Name": "Fresh Coconut Young", "Size": "1 ea", "Size Label": "ea"}, {"Category": "South Asian Foods", "Aisle": "International Foods", "Sku": "20904594_EA", "Regular Price": "None", "Sale Price": "6.00", "Image": "https://assets.shop.loblaws.ca/products/20904594/b1/en/front/20904594_front_a01_@2.png", "Brand": "Brar's", "Url": "https://www.maxi.ca/vegetable-samosa-6-pack-after-11am/p/20904594_EA", "Sub Category": null, "English Name": "Vegetable Samosa 6 Pack (After 11am)", "Size": "120 g", "Size Label": "ea"}, {"Category": "South Asian Foods", "Aisle": "International Foods", "Sku": "20686400001_KG", "Regular Price": "None", "Sale Price": "3.70", "Image": "https://assets.shop.loblaws.ca/products/20686400001/b1/en/front/20686400001_front_a01_@2.png", "Brand": null, "Url": "https://www.maxi.ca/baby-eggplants-1-pack/p/20686400001_KG", "Sub Category": null, "English Name": "Baby Eggplants (1 pack)", "Size": "$3.99/1lb $8.80/1kg", "Size Label": "ea"}, {"Category": "South Asian Foods", "Aisle": "International Foods", "Sku": "21024343001_EA", "Regular Price": "None", "Sale Price": "3.99", "Image": "https://assets.shop.loblaws.ca/products/21024343001/b1/en/front/21024343001_front_a01_@2.png", "Brand": "Farmer's Market", "Url": "https://www.maxi.ca/ataulfo-mangoes-3-count/p/21024343001_EA", "Sub Category": null, "English Name": "Ataulfo Mangoes 3 Count ", "Size": "3x500.0 g", "Size Label": "ea"}, {"Category": "South Asian Foods", "Aisle": "International Foods", "Sku": "21454589001_EA", "Regular Price": "None", "Sale Price": "4.50", "Image": "https://assets.shop.loblaws.ca/products/21454589001/b1/en/front/21454589001_front_a01_@2.png", "Brand": "President's Choice", "Url": "https://www.maxi.ca/yellow-hot-hot-peppers/p/21454589001_EA", "Sub Category": null, "English Name": "Yellow Hot Hot Peppers", "Size": "226 g", "Size Label": "ea"}, {"Category": "South Asian Foods", "Aisle": "International Foods", "Sku": "21195607_EA", "Regular Price": "None", "Sale Price": "3.79", "Image": "https://assets.shop.loblaws.ca/products/21195607/b1/en/front/21195607_front_a01_@2.png", "Brand": "Crispy", "Url": "https://www.maxi.ca/roti-wrap-original-15pieces/p/21195607_EA", "Sub Category": null, "English Name": "Roti Wrap Original, 15pieces", "Size": "750 g", "Size Label": "ea"}, {"Category": "South Asian Foods", "Aisle": "International Foods", "Sku": "20657367_EA", "Regular Price": "None", "Sale Price": "18.99", "Image": "https://assets.shop.loblaws.ca/products/20657367/b1/en/front/20657367_front_a01_@2.png", "Brand": "Brar's", "Url": "https://www.maxi.ca/desi-style-durum-flour/p/20657367_EA", "Sub Category": null, "English Name": "Desi Style Durum Flour", "Size": "9.07 kg", "Size Label": "ea"}, {"Category": "East Asian Foods", "Aisle": "International Foods", "Sku": "20570507_EA", "Regular Price": "None", "Sale Price": "2.99", "Image": "https://assets.shop.loblaws.ca/products/20570507/b1/en/front/20570507_front_a01_@2.png", "Brand": "Sunrise", "Url": "https://www.maxi.ca/tofu-extra-firm/p/20570507_EA", "Sub Category": null, "English Name": "Tofu, Extra Firm", "Size": "350 g", "Size Label": "ea"}, {"Category": "East Asian Foods", "Aisle": "International Foods", "Sku": "20063864_EA", "Regular Price": "None", "Sale Price": "2.00", "Image": "https://assets.shop.loblaws.ca/products/20063864/b1/en/front/20063864_front_a01_@2.png", "Brand": "Aroy D", "Url": "https://www.maxi.ca/canned-coconut-milk/p/20063864_EA", "Sub Category": null, "English Name": "Canned Coconut Milk", "Size": "400 ml", "Size Label": "ea"}, {"Category": "East Asian Foods", "Aisle": "International Foods", "Sku": "20310940001_KG", "Regular Price": "None", "Sale Price": "1.58", "Image": "https://assets.shop.loblaws.ca/products/20310940001/b1/en/front/20310940001_front_a01_@2.png", "Brand": null, "Url": "https://www.maxi.ca/fuji-apples/p/20310940001_KG", "Sub Category": null, "English Name": "Fuji Apples", "Size": "$6.59/1kg $2.99/1lb", "Size Label": "ea"}, {"Category": "East Asian Foods", "Aisle": "International Foods", "Sku": "20817066001_KG", "Regular Price": "None", "Sale Price": "5.71", "Image": "https://assets.shop.loblaws.ca/products/20817066001/b1/en/front/20817066001_front_a01_@2.png", "Brand": null, "Url": "https://www.maxi.ca/papaya/p/20817066001_KG", "Sub Category": null, "English Name": "Papaya", "Size": "$4.39/1kg $1.99/1lb", "Size Label": "ea"}, {"Category": "East Asian Foods", "Aisle": "International Foods", "Sku": "20035618001_KG", "Regular Price": "None", "Sale Price": "2.11", "Image": "https://assets.shop.loblaws.ca/products/20035618001/b1/en/front/20035618001_front_a01_@2.png", "Brand": null, "Url": "https://www.maxi.ca/yellow-asian-pears/p/20035618001_KG", "Sub Category": null, "English Name": "Yellow Asian Pears", "Size": "$6.59/1kg $2.99/1lb", "Size Label": "ea"}, {"Category": "East Asian Foods", "Aisle": "International Foods", "Sku": "21023581001_EA", "Regular Price": "None", "Sale Price": "2.99", "Image": "https://assets.shop.loblaws.ca/products/21023581001/b1/en/front/21023581001_front_a01_@2.png", "Brand": null, "Url": "https://www.maxi.ca/snap-peas/p/21023581001_EA", "Sub Category": null, "English Name": "Snap Peas", "Size": "200 g", "Size Label": "ea"}, {"Category": "East Asian Foods", "Aisle": "International Foods", "Sku": "21378707_EA", "Regular Price": "None", "Sale Price": "1.69", "Image": "https://assets.shop.loblaws.ca/products/21378707/b1/en/front/21378707_front_a01_@2.png", "Brand": "Rooster", "Url": "https://www.maxi.ca/coconut-milk/p/21378707_EA", "Sub Category": null, "English Name": "Coconut Milk", "Size": "398 ml", "Size Label": "ea"}, {"Category": "East Asian Foods", "Aisle": "International Foods", "Sku": "20851084001_KG", "Regular Price": "None", "Sale Price": "2.42", "Image": "https://assets.shop.loblaws.ca/products/20851084001/b1/en/front/20851084001_front_a01_@2.png", "Brand": null, "Url": "https://www.maxi.ca/chinese-carrots-jumbo/p/20851084001_KG", "Sub Category": null, "English Name": "Chinese Carrots, Jumbo", "Size": "$1.48/1lb $3.26/1kg", "Size Label": "ea"}, {"Category": "East Asian Foods", "Aisle": "International Foods", "Sku": "20042410001_EA", "Regular Price": "None", "Sale Price": "4.88", "Image": "https://assets.shop.loblaws.ca/products/20042410001/b1/en/front/20042410001_front_a01_@2.png", "Brand": null, "Url": "https://www.maxi.ca/white-pummelos/p/20042410001_EA", "Sub Category": null, "English Name": "White Pummelos", "Size": "1 ea", "Size Label": "ea"}, {"Category": "East Asian Foods", "Aisle": "International Foods", "Sku": "20524922001_KG", "Regular Price": "None", "Sale Price": "5.22", "Image": "https://assets.shop.loblaws.ca/products/20524922001/b1/en/front/20524922001_front_a01_@2.png", "Brand": null, "Url": "https://www.maxi.ca/japanese-yams/p/20524922001_KG", "Sub Category": null, "English Name": "Japanese Yams", "Size": "$5.49/1kg $2.49/1lb", "Size Label": "ea"}, {"Category": "East Asian Foods", "Aisle": "International Foods", "Sku": "21023553001_EA", "Regular Price": "None", "Sale Price": "2.99", "Image": "https://assets.shop.loblaws.ca/products/21023553001/b1/en/front/21023553001_front_a01_@2.png", "Brand": null, "Url": "https://www.maxi.ca/snow-peas/p/21023553001_EA", "Sub Category": null, "English Name": "Snow Peas", "Size": "200 g", "Size Label": "ea"}, {"Category": "East Asian Foods", "Aisle": "International Foods", "Sku": "20015025001_KG", "Regular Price": "None", "Sale Price": "3.18", "Image": "https://assets.shop.loblaws.ca/products/20015025001/b1/en/front/20015025001_front_a01_@2.png", "Brand": null, "Url": "https://www.maxi.ca/chinese-napa-cabbage/p/20015025001_KG", "Sub Category": null, "English Name": "Chinese Napa Cabbage", "Size": "$2.84/1kg $1.29/1lb", "Size Label": "ea"}, {"Category": "East Asian Foods", "Aisle": "International Foods", "Sku": "20354811_EA", "Regular Price": "None", "Sale Price": "2.99", "Image": "https://assets.shop.loblaws.ca/products/20354811/b1/en/front/20354811_front_a01_@2.png", "Brand": "President's Choice", "Url": "https://www.maxi.ca/udon-noodles/p/20354811_EA", "Sub Category": null, "English Name": "Udon Noodles", "Size": "800 g", "Size Label": "ea"}, {"Category": "East Asian Foods", "Aisle": "International Foods", "Sku": "20082109001_KG", "Regular Price": "None", "Sale Price": "2.67", "Image": "https://assets.shop.loblaws.ca/products/20082109001/b1/en/front/20082109001_front_a01_@2.png", "Brand": null, "Url": "https://www.maxi.ca/lobok-daikon-radish/p/20082109001_KG", "Sub Category": null, "English Name": "LoBok (Daikon Radish)", "Size": "$2.84/1kg $1.29/1lb", "Size Label": "ea"}, {"Category": "East Asian Foods", "Aisle": "International Foods", "Sku": "20168395001_EA", "Regular Price": "3.49", "Sale Price": "2.99", "Image": "https://assets.shop.loblaws.ca/products/20168395001/b1/en/front/20168395001_front_a01_@2.png", "Brand": null, "Url": "https://www.maxi.ca/dragon-fruit/p/20168395001_EA", "Sub Category": null, "English Name": "Dragon Fruit", "Size": "1 ea", "Size Label": "ea"}, {"Category": "East Asian Foods", "Aisle": "International Foods", "Sku": "20570018_EA", "Regular Price": "None", "Sale Price": "2.79", "Image": "https://assets.shop.loblaws.ca/products/20570018/b1/en/front/20570018_front_a01_@2.png", "Brand": "Rooster", "Url": "https://www.maxi.ca/tofu-firm/p/20570018_EA", "Sub Category": null, "English Name": "Tofu, Firm", "Size": "420 g", "Size Label": "ea"}, {"Category": "East Asian Foods", "Aisle": "International Foods", "Sku": "21020136_EA", "Regular Price": "None", "Sale Price": "6.79", "Image": "https://assets.shop.loblaws.ca/products/21020136/b1/en/front/21020136_front_a01_@2.png", "Brand": "Binggrae", "Url": "https://www.maxi.ca/melona-frozen-dessert-bars-mango/p/21020136_EA", "Sub Category": null, "English Name": "Melona Frozen Dessert Bars Mango", "Size": "560 ml", "Size Label": "ea"}, {"Category": "East Asian Foods", "Aisle": "International Foods", "Sku": "20032441005_EA", "Regular Price": "None", "Sale Price": "1.59", "Image": "https://assets.shop.loblaws.ca/products/20032441005/b1/en/front/20032441005_front_a01_@2.png", "Brand": "Nong Shim", "Url": "https://www.maxi.ca/shin-brand-cup-noodle-oolongmen-shin/p/20032441005_EA", "Sub Category": null, "English Name": "Shin Brand Cup Noodle, Oolongmen Shin", "Size": "75 g", "Size Label": "ea"}, {"Category": "East Asian Foods", "Aisle": "International Foods", "Sku": "20139275_EA", "Regular Price": "6.99", "Sale Price": "6.49", "Image": "https://assets.shop.loblaws.ca/products/20139275/b1/en/front/20139275_front_a01_@2.png", "Brand": "Kikkoman", "Url": "https://www.maxi.ca/soy-sauce/p/20139275_EA", "Sub Category": null, "English Name": "Soy Sauce", "Size": "591 ml", "Size Label": "ea"}, {"Category": "East Asian Foods", "Aisle": "International Foods", "Sku": "21020135_EA", "Regular Price": "None", "Sale Price": "6.79", "Image": "https://assets.shop.loblaws.ca/products/21020135/b1/en/front/21020135_front_a01_@2.png", "Brand": "Binggrae", "Url": "https://www.maxi.ca/melona-frozen-dessert-bars-honeydew-melon/p/21020135_EA", "Sub Category": null, "English Name": "Melona Frozen Dessert Bars Honeydew Melon", "Size": "560 ml", "Size Label": "ea"}, {"Category": "East Asian Foods", "Aisle": "International Foods", "Sku": "20917802_EA", "Regular Price": "None", "Sale Price": "9.99", "Image": "https://assets.shop.loblaws.ca/products/20917802/b1/en/front/20917802_front_a01_@2.png", "Brand": null, "Url": "https://www.maxi.ca/hoso-shrimp-cooked/p/20917802_EA", "Sub Category": null, "English Name": "Hoso Shrimp, Cooked", "Size": "400 g", "Size Label": "ea"}, {"Category": "East Asian Foods", "Aisle": "International Foods", "Sku": "21290707_EA", "Regular Price": "None", "Sale Price": "3.29", "Image": "https://assets.shop.loblaws.ca/products/21290707/b1/en/front/21290707_front_a01_@2.png", "Brand": "Fontaine Sante", "Url": "https://www.maxi.ca/tofu-extra-firm-plain/p/21290707_EA", "Sub Category": null, "English Name": "Tofu Extra Firm Plain   ", "Size": "400 g", "Size Label": "ea"}, {"Category": "East Asian Foods", "Aisle": "International Foods", "Sku": "20317814_EA", "Regular Price": "None", "Sale Price": "0.75", "Image": "https://assets.shop.loblaws.ca/products/20317814/b1/en/front/20317814_front_a01_@2.png", "Brand": "Mama", "Url": "https://www.maxi.ca/oriental-style-instant-noodles-shrimp/p/20317814_EA", "Sub Category": null, "English Name": "Oriental Style Instant Noodles, Shrimp", "Size": "60 g", "Size Label": "ea"}, {"Category": "East Asian Foods", "Aisle": "International Foods", "Sku": "20026520_EA", "Regular Price": "None", "Sale Price": "3.29", "Image": "https://assets.shop.loblaws.ca/products/20026520/b1/en/front/20026520_front_a01_@2.png", "Brand": "Lee Kum Kee", "Url": "https://www.maxi.ca/soy-sauce-premium/p/20026520_EA", "Sub Category": null, "English Name": "Soy Sauce Premium", "Size": "500 ml", "Size Label": "ea"}, {"Category": "East Asian Foods", "Aisle": "International Foods", "Sku": "20858871_KG", "Regular Price": "None", "Sale Price": "5.60", "Image": "https://assets.shop.loblaws.ca/products/20858871/b1/en/front/20858871_front_a01_@2.png", "Brand": null, "Url": "https://www.maxi.ca/beef-soup-bones/p/20858871_KG", "Sub Category": null, "English Name": "Beef Soup Bones", "Size": "$7.47/1kg $3.39/1lb", "Size Label": "ea"}, {"Category": "East Asian Foods", "Aisle": "International Foods", "Sku": "21495805_EA", "Regular Price": "None", "Sale Price": "5.00", "Image": "https://assets.shop.loblaws.ca/products/21495805/b1/en/front/21495805_front_a01_@2.png", "Brand": "T&T", "Url": "https://www.maxi.ca/chicken-vegetable-potstickers/p/21495805_EA", "Sub Category": null, "English Name": "Chicken & Vegetable Potstickers", "Size": "567 g", "Size Label": "ea"}, {"Category": "East Asian Foods", "Aisle": "International Foods", "Sku": "20123520_KG", "Regular Price": "None", "Sale Price": "28.72", "Image": "https://assets.shop.loblaws.ca/products/20123520/b1/en/front/20123520_front_a01_@2.png", "Brand": null, "Url": "https://www.maxi.ca/grade-a-fresh-duck/p/20123520_KG", "Sub Category": null, "English Name": "Grade A Fresh Duck", "Size": "$11.00/1kg $4.99/1lb", "Size Label": "ea"}, {"Category": "East Asian Foods", "Aisle": "International Foods", "Sku": "20686129001_KG", "Regular Price": "None", "Sale Price": "2.42", "Image": "https://assets.shop.loblaws.ca/products/20686129001/b1/en/front/20686129001_front_a01_@2.png", "Brand": null, "Url": "https://www.maxi.ca/chinese-bitter-melon/p/20686129001_KG", "Sub Category": null, "English Name": "Chinese Bitter Melon", "Size": "$11.00/1kg $4.99/1lb", "Size Label": "ea"}, {"Category": "East Asian Foods", "Aisle": "International Foods", "Sku": "20038884_EA", "Regular Price": "None", "Sale Price": "5.99", "Image": "https://assets.shop.loblaws.ca/products/20038884/b1/en/front/20038884_front_a01_@2.png", "Brand": "Kikkoman", "Url": "https://www.maxi.ca/stir-fry-sauce/p/20038884_EA", "Sub Category": null, "English Name": "Stir Fry Sauce", "Size": "285 ml", "Size Label": "ea"}, {"Category": "East Asian Foods", "Aisle": "International Foods", "Sku": "21079543_EA", "Regular Price": "None", "Sale Price": "7.99", "Image": "https://assets.shop.loblaws.ca/products/21079543/b1/en/front/21079543_front_a01_@2.png", "Brand": null, "Url": "https://www.maxi.ca/chub-mackerel/p/21079543_EA", "Sub Category": null, "English Name": "Chub Mackerel", "Size": "1 kg", "Size Label": "ea"}, {"Category": "East Asian Foods", "Aisle": "International Foods", "Sku": "20569353_EA", "Regular Price": "None", "Sale Price": "1.99", "Image": "https://assets.shop.loblaws.ca/products/20569353/b1/en/front/20569353_front_a01_@2.png", "Brand": "Sunrise", "Url": "https://www.maxi.ca/tofu-dessert-almond-flavoured/p/20569353_EA", "Sub Category": null, "English Name": "Tofu Dessert, Almond Flavoured", "Size": "2x150.0 g", "Size Label": "ea"}, {"Category": "East Asian Foods", "Aisle": "International Foods", "Sku": "20833968_EA", "Regular Price": "None", "Sale Price": "8.99", "Image": "https://assets.shop.loblaws.ca/products/20833968/b1/en/front/20833968_front_a01_@2.png", "Brand": null, "Url": "https://www.maxi.ca/peeled-and-cooked-shrimp/p/20833968_EA", "Sub Category": null, "English Name": "Peeled and Cooked Shrimp", "Size": "340 g", "Size Label": "ea"}, {"Category": "East Asian Foods", "Aisle": "International Foods", "Sku": "21177454_EA", "Regular Price": "None", "Sale Price": "1.99", "Image": "https://assets.shop.loblaws.ca/products/21177454/b1/en/front/21177454_front_a01_@2.png", "Brand": "Kosa", "Url": "https://www.maxi.ca/coconut-milk-can/p/21177454_EA", "Sub Category": null, "English Name": "Coconut Milk Can    ", "Size": "400 ml", "Size Label": "ea"}, {"Category": "East Asian Foods", "Aisle": "International Foods", "Sku": "20910469_EA", "Regular Price": "8.99", "Sale Price": "7.99", "Image": "https://assets.shop.loblaws.ca/products/20910469/b1/en/front/20910469_front_a01_@2.png", "Brand": null, "Url": "https://www.maxi.ca/basa-steaks/p/20910469_EA", "Sub Category": null, "English Name": "Basa Steaks", "Size": "1 kg", "Size Label": "ea"}, {"Category": "East Asian Foods", "Aisle": "International Foods", "Sku": "21495823_EA", "Regular Price": "None", "Sale Price": "5.00", "Image": "https://assets.shop.loblaws.ca/products/21495823/b1/en/front/21495823_front_a01_@2.png", "Brand": "T&T", "Url": "https://www.maxi.ca/pork-and-vegetable-potstickers/p/21495823_EA", "Sub Category": null, "English Name": "Pork and Vegetable Potstickers", "Size": "567 g", "Size Label": "ea"}, {"Category": "East Asian Foods", "Aisle": "International Foods", "Sku": "20981940001_EA", "Regular Price": "2.49", "Sale Price": "1.99", "Image": "https://assets.shop.loblaws.ca/products/20981940001/b1/en/front/20981940001_front_a01_@2.png", "Brand": null, "Url": "https://www.maxi.ca/bean-sprouts/p/20981940001_EA", "Sub Category": null, "English Name": "Bean Sprouts", "Size": "370 g", "Size Label": "ea"}, {"Category": "East Asian Foods", "Aisle": "International Foods", "Sku": "20095057001_KG", "Regular Price": "None", "Sale Price": "2.27", "Image": "https://assets.shop.loblaws.ca/products/20095057001/b1/en/front/20095057001_front_a01_@2.png", "Brand": null, "Url": "https://www.maxi.ca/bok-choy/p/20095057001_KG", "Sub Category": null, "English Name": "Bok Choy", "Size": "$2.84/1kg $1.29/1lb", "Size Label": "ea"}, {"Category": "East Asian Foods", "Aisle": "International Foods", "Sku": "20686492001_KG", "Regular Price": "None", "Sale Price": "0.50", "Image": "https://assets.shop.loblaws.ca/products/20686492001/b1/en/front/20686492001_front_a01_@2.png", "Brand": null, "Url": "https://www.maxi.ca/long-beans/p/20686492001_KG", "Sub Category": null, "English Name": "Long Beans", "Size": "$0.99/100g $9.90/1kg", "Size Label": "g"}, {"Category": "East Asian Foods", "Aisle": "International Foods", "Sku": "20792248_EA", "Regular Price": "None", "Sale Price": "6.99", "Image": "https://assets.shop.loblaws.ca/products/20792248/b1/en/front/20792248_front_a01_@2.png", "Brand": null, "Url": "https://www.maxi.ca/seafood-medley/p/20792248_EA", "Sub Category": null, "English Name": "Seafood Medley", "Size": "360 g", "Size Label": "ea"}, {"Category": "East Asian Foods", "Aisle": "International Foods", "Sku": "20137323001_EA", "Regular Price": "None", "Sale Price": "3.99", "Image": "https://assets.shop.loblaws.ca/products/20137323001/b1/en/front/20137323001_front_a01_@2.png", "Brand": "Marukan", "Url": "https://www.maxi.ca/lite-rice-vinegar/p/20137323001_EA", "Sub Category": null, "English Name": "Lite Rice Vinegar", "Size": "355 ml", "Size Label": "ea"}, {"Category": "East Asian Foods", "Aisle": "International Foods", "Sku": "20165080_EA", "Regular Price": "None", "Sale Price": "6.99", "Image": "https://assets.shop.loblaws.ca/products/20165080/b1/en/front/20165080_front_a01_@2.png", "Brand": "Lee Kum Kee", "Url": "https://www.maxi.ca/pure-sesame-oil/p/20165080_EA", "Sub Category": null, "English Name": "Pure Sesame Oil", "Size": "443 ml", "Size Label": "ea"}, {"Category": "East Asian Foods", "Aisle": "International Foods", "Sku": "20347167001_KG", "Regular Price": "None", "Sale Price": "16.46", "Image": "https://assets.shop.loblaws.ca/products/20347167001/b1/en/front/20347167001_front_a01_@2.png", "Brand": null, "Url": "https://www.maxi.ca/taro-root-medium/p/20347167001_KG", "Sub Category": null, "English Name": "Taro Root, Medium", "Size": "$12.10/1kg $5.49/1lb", "Size Label": "ea"}, {"Category": "East Asian Foods", "Aisle": "International Foods", "Sku": "21432305_EA", "Regular Price": "9.99", "Sale Price": "7.99", "Image": "https://assets.shop.loblaws.ca/products/21432305/b1/en/front/21432305_front_a01_@2.png", "Brand": "Premier", "Url": "https://www.maxi.ca/tilapia/p/21432305_EA", "Sub Category": null, "English Name": "Tilapia", "Size": "1.36 kg", "Size Label": "ea"}, {"Category": "East Asian Foods", "Aisle": "International Foods", "Sku": "20562004_EA", "Regular Price": "None", "Sale Price": "3.99", "Image": "https://assets.shop.loblaws.ca/products/20562004/b1/en/front/20562004_front_a01_@2.png", "Brand": "Unisoya", "Url": "https://www.maxi.ca/tofu-regular/p/20562004_EA", "Sub Category": null, "English Name": "Tofu, Regular", "Size": "454 g", "Size Label": "ea"}, {"Category": "East Asian Foods", "Aisle": "International Foods", "Sku": "20791670_EA", "Regular Price": "None", "Sale Price": "4.99", "Image": "https://assets.shop.loblaws.ca/products/20791670/b1/en/front/20791670_front_a01_@2.png", "Brand": "Anchor Bay", "Url": "https://www.maxi.ca/cooked-clam-meat/p/20791670_EA", "Sub Category": null, "English Name": "Cooked Clam Meat", "Size": "340 g", "Size Label": "ea"}, {"Category": "East Asian Foods", "Aisle": "International Foods", "Sku": "20659463_EA", "Regular Price": "2.49", "Sale Price": "1.99", "Image": "https://assets.shop.loblaws.ca/products/20659463/b1/en/front/20659463_front_a01_@2.png", "Brand": "President's Choice", "Url": "https://www.maxi.ca/rice-vermicelli-noodles/p/20659463_EA", "Sub Category": null, "English Name": "Rice Vermicelli Noodles", "Size": "225 g", "Size Label": "ea"}, {"Category": "East Asian Foods", "Aisle": "International Foods", "Sku": "20157056001_EA", "Regular Price": "None", "Sale Price": "2.29", "Image": "https://assets.shop.loblaws.ca/products/20157056001/b1/en/front/20157056001_front_a01_@2.png", "Brand": "Suwong", "Url": "https://www.maxi.ca/sauce-mix-fried-rice-seasoning/p/20157056001_EA", "Sub Category": null, "English Name": "Sauce Mix, Fried Rice Seasoning", "Size": "25 g", "Size Label": "ea"}, {"Category": "East Asian Foods", "Aisle": "International Foods", "Sku": "20162500001_KG", "Regular Price": "None", "Sale Price": "5.50", "Image": "https://assets.shop.loblaws.ca/products/20162500001/b1/en/front/20162500001_front_a01_@2.png", "Brand": null, "Url": "https://www.maxi.ca/guava/p/20162500001_KG", "Sub Category": null, "English Name": "Guava", "Size": "$11.00/1kg $4.99/1lb", "Size Label": "ea"}, {"Category": "East Asian Foods", "Aisle": "International Foods", "Sku": "21495779_EA", "Regular Price": "None", "Sale Price": "5.00", "Image": "https://assets.shop.loblaws.ca/products/21495779/b1/en/front/21495779_front_a01_@2.png", "Brand": "T&T", "Url": "https://www.maxi.ca/pork-leek-potstickers/p/21495779_EA", "Sub Category": null, "English Name": "Pork & Leek Potstickers", "Size": "567 g", "Size Label": "ea"}, {"Category": "East Asian Foods", "Aisle": "International Foods", "Sku": "20074419_KG", "Regular Price": "None", "Sale Price": "6.10", "Image": "https://assets.shop.loblaws.ca/products/20074419/b1/en/front/20074419_front_a01_@2.png", "Brand": null, "Url": "https://www.maxi.ca/beef-liver/p/20074419_KG", "Sub Category": null, "English Name": "Beef Liver", "Size": "$13.21/1kg $5.99/1lb", "Size Label": "ea"}, {"Category": "East Asian Foods", "Aisle": "International Foods", "Sku": "20868141001_KG", "Regular Price": "None", "Sale Price": "4.65", "Image": "https://assets.shop.loblaws.ca/products/20868141001/b1/en/front/20868141001_front_a01_@2.png", "Brand": null, "Url": "https://www.maxi.ca/soursop/p/20868141001_KG", "Sub Category": null, "English Name": "Soursop", "Size": "$4.49/1lb $9.90/1kg", "Size Label": "ea"}, {"Category": "East Asian Foods", "Aisle": "International Foods", "Sku": "20792242_EA", "Regular Price": "None", "Sale Price": "14.99", "Image": "https://assets.shop.loblaws.ca/products/20792242/b1/en/front/20792242_front_a01_@2.png", "Brand": "Anchor Bay", "Url": "https://www.maxi.ca/cooked-shrimp-61-70-ct/p/20792242_EA", "Sub Category": null, "English Name": "Cooked Shrimp 61-70 ct", "Size": "454 g", "Size Label": "ea"}, {"Category": "East Asian Foods", "Aisle": "International Foods", "Sku": "20569354_EA", "Regular Price": "None", "Sale Price": "1.99", "Image": "https://assets.shop.loblaws.ca/products/20569354/b1/en/front/20569354_front_a01_@2.png", "Brand": "Sunrise", "Url": "https://www.maxi.ca/tofu-dessert-peach-mango/p/20569354_EA", "Sub Category": null, "English Name": "Tofu Dessert, Peach Mango ", "Size": "2x150.0 g", "Size Label": "ea"}, {"Category": "East Asian Foods", "Aisle": "International Foods", "Sku": "20121461_EA", "Regular Price": "None", "Sale Price": "12.99", "Image": "https://assets.shop.loblaws.ca/products/20121461/b1/en/front/20121461_front_a01_@2.png", "Brand": null, "Url": "https://www.maxi.ca/california-squid/p/20121461_EA", "Sub Category": null, "English Name": "California Squid", "Size": "1 kg", "Size Label": "ea"}, {"Category": "East Asian Foods", "Aisle": "International Foods", "Sku": "21432307_EA", "Regular Price": "4.49", "Sale Price": "3.99", "Image": "https://assets.shop.loblaws.ca/products/21432307/b1/en/front/21432307_front_a01_@2.png", "Brand": "Premier", "Url": "https://www.maxi.ca/basa-fillets/p/21432307_EA", "Sub Category": null, "English Name": "Basa Fillets", "Size": "400 g", "Size Label": "ea"}, {"Category": "East Asian Foods", "Aisle": "International Foods", "Sku": "20577619_EA", "Regular Price": "None", "Sale Price": "3.99", "Image": "https://assets.shop.loblaws.ca/products/20577619/b1/en/front/20577619_front_a01_@2.png", "Brand": "Unisoya", "Url": "https://www.maxi.ca/tofu-fine-herbs/p/20577619_EA", "Sub Category": null, "English Name": "Tofu, Fine Herbs", "Size": "454 g", "Size Label": "ea"}, {"Category": "East Asian Foods", "Aisle": "International Foods", "Sku": "21347114_EA", "Regular Price": "None", "Sale Price": "2.99", "Image": "https://assets.shop.loblaws.ca/products/21347114/b1/en/front/21347114_front_a01_@2.png", "Brand": "Rooster", "Url": "https://www.maxi.ca/thin-egg-noodles/p/21347114_EA", "Sub Category": null, "English Name": "Thin Egg Noodles", "Size": "454 g", "Size Label": "ea"}, {"Category": "East Asian Foods", "Aisle": "International Foods", "Sku": "20823944_EA", "Regular Price": "None", "Sale Price": "3.49", "Image": "https://assets.shop.loblaws.ca/products/20823944/b1/en/front/20823944_front_a01_@2.png", "Brand": "Anchor Bay", "Url": "https://www.maxi.ca/basa-fillets/p/20823944_EA", "Sub Category": null, "English Name": "Basa Fillets", "Size": "400 g", "Size Label": "ea"}, {"Category": "East Asian Foods", "Aisle": "International Foods", "Sku": "21005376_EA", "Regular Price": "None", "Sale Price": "3.88", "Image": "https://assets.shop.loblaws.ca/products/21005376/b1/en/front/21005376_front_a01_@2.png", "Brand": "PC Organics", "Url": "https://www.maxi.ca/organic-enoki-mushrooms/p/21005376_EA", "Sub Category": null, "English Name": "Organic Enoki Mushrooms", "Size": "150 g", "Size Label": "ea"}, {"Category": "East Asian Foods", "Aisle": "International Foods", "Sku": "20218569001_KG", "Regular Price": "None", "Sale Price": "1.32", "Image": "https://assets.shop.loblaws.ca/products/20218569001/b1/en/front/20218569001_front_a01_@2.png", "Brand": null, "Url": "https://www.maxi.ca/white-flesh-nectarine/p/20218569001_KG", "Sub Category": null, "English Name": "White Flesh Nectarine", "Size": "$11.00/1kg $4.99/1lb", "Size Label": "ea"}, {"Category": "East Asian Foods", "Aisle": "International Foods", "Sku": "20164839_KG", "Regular Price": "None", "Sale Price": "11.86", "Image": "https://assets.shop.loblaws.ca/products/20164839/b1/en/front/20164839_front_a01_@2.png", "Brand": null, "Url": "https://www.maxi.ca/beef-honeycomb-tripe/p/20164839_KG", "Sub Category": null, "English Name": "Beef Honeycomb Tripe", "Size": "$13.21/1kg $5.99/1lb", "Size Label": "ea"}, {"Category": "East Asian Foods", "Aisle": "International Foods", "Sku": "21447861_EA", "Regular Price": "None", "Sale Price": "5.49", "Image": "https://assets.shop.loblaws.ca/products/21447861/b1/en/front/21447861_front_a01_@2.png", "Brand": "Aquastar", "Url": "https://www.maxi.ca/basa-fillets-uncooked-boneless-skinless/p/21447861_EA", "Sub Category": null, "English Name": "Basa Fillets Uncooked, Boneless, Skinless", "Size": "400 g", "Size Label": "ea"}, {"Category": "East Asian Foods", "Aisle": "International Foods", "Sku": "20865209_KG", "Regular Price": "None", "Sale Price": "6.24", "Image": "https://assets.shop.loblaws.ca/products/20865209/b1/en/front/20865209_front_a01_@2.png", "Brand": null, "Url": "https://www.maxi.ca/pork-liver/p/20865209_KG", "Sub Category": null, "English Name": "Pork Liver", "Size": "$9.46/1kg $4.29/1lb", "Size Label": "ea"}, {"Category": "East Asian Foods", "Aisle": "International Foods", "Sku": "20155407_KG", "Regular Price": "None", "Sale Price": "26.23", "Image": "https://assets.shop.loblaws.ca/products/20155407/b1/en/front/20155407_front_a01_@2.png", "Brand": "Oka", "Url": "https://www.maxi.ca/fresh-rabbit/p/20155407_KG", "Sub Category": null, "English Name": "Fresh Rabbit", "Size": "$19.82/1kg $8.99/1lb", "Size Label": "ea"}, {"Category": "East Asian Foods", "Aisle": "International Foods", "Sku": "21496274_EA", "Regular Price": "19.99", "Sale Price": "13.88", "Image": "https://assets.shop.loblaws.ca/products/21496274/b1/en/front/21496274_front_a01_@2.png", "Brand": "Jasmine Gold", "Url": "https://www.maxi.ca/thai-jasmine-rice/p/21496274_EA", "Sub Category": null, "English Name": "Thai Jasmine Rice", "Size": "8 kg", "Size Label": "ea"}, {"Category": "East Asian Foods", "Aisle": "International Foods", "Sku": "21020137_EA", "Regular Price": "None", "Sale Price": "6.79", "Image": "https://assets.shop.loblaws.ca/products/21020137/b1/en/front/21020137_front_a01_@2.png", "Brand": "Binggrae", "Url": "https://www.maxi.ca/melona-frozen-dessert-bars-banana/p/21020137_EA", "Sub Category": null, "English Name": "Melona Frozen Dessert Bars Banana", "Size": "560 ml", "Size Label": "ea"}, {"Category": "East Asian Foods", "Aisle": "International Foods", "Sku": "21202236001_EA", "Regular Price": "None", "Sale Price": "3.48", "Image": "https://assets.shop.loblaws.ca/products/21202236001/b1/en/front/21202236001_front_a01_@2.png", "Brand": null, "Url": "https://www.maxi.ca/bok-choy-tips/p/21202236001_EA", "Sub Category": null, "English Name": "Bok Choy Tips", "Size": "454 g", "Size Label": "ea"}, {"Category": "East Asian Foods", "Aisle": "International Foods", "Sku": "21020149_EA", "Regular Price": "None", "Sale Price": "6.79", "Image": "https://assets.shop.loblaws.ca/products/21020149/b1/en/front/21020149_front_a01_@2.png", "Brand": "Binggrae", "Url": "https://www.maxi.ca/ice-cream-melona-frozen-dairy-dessert-bars-coconut/p/21020149_EA", "Sub Category": null, "English Name": "Ice Cream, Melona Frozen Dairy Dessert Bars Coconut", "Size": "560 ml", "Size Label": "ea"}, {"Category": "East Asian Foods", "Aisle": "International Foods", "Sku": "20500045_EA", "Regular Price": "None", "Sale Price": "9.99", "Image": "https://assets.shop.loblaws.ca/products/20500045/b1/en/front/20500045_front_a01_@2.png", "Brand": "Seaquest", "Url": "https://www.maxi.ca/green-lipped-mussels-in-the-half-shell-new-zealand/p/20500045_EA", "Sub Category": null, "English Name": "Green-Lipped Mussels in the Half Shell New Zealand ", "Size": "454 g", "Size Label": "ea"}, {"Category": "East Asian Foods", "Aisle": "International Foods", "Sku": "20792247_EA", "Regular Price": "None", "Sale Price": "4.99", "Image": "https://assets.shop.loblaws.ca/products/20792247/b1/en/front/20792247_front_a01_@2.png", "Brand": "Anchor Bay", "Url": "https://www.maxi.ca/mussel-meat/p/20792247_EA", "Sub Category": null, "English Name": "Mussel Meat", "Size": "340 g", "Size Label": "ea"}, {"Category": "East Asian Foods", "Aisle": "International Foods", "Sku": "20020863001_KG", "Regular Price": "None", "Sale Price": "4.46", "Image": "https://assets.shop.loblaws.ca/products/20020863001/b1/en/front/20020863001_front_a01_@2.png", "Brand": null, "Url": "https://www.maxi.ca/taiwanese-flat-cabbage/p/20020863001_KG", "Sub Category": null, "English Name": "Taiwanese Flat Cabbage", "Size": "$1.79/1lb $3.95/1kg", "Size Label": "ea"}, {"Category": "East Asian Foods", "Aisle": "International Foods", "Sku": "21418171_EA", "Regular Price": "None", "Sale Price": "3.00", "Image": "https://assets.shop.loblaws.ca/products/21418171/b1/en/front/21418171_front_a01_@2.png", "Brand": "PC Organics", "Url": "https://www.maxi.ca/organic-coconut-milk/p/21418171_EA", "Sub Category": null, "English Name": "Organic Coconut Milk", "Size": "400 ml", "Size Label": "ea"}, {"Category": "East Asian Foods", "Aisle": "International Foods", "Sku": "21433078_EA", "Regular Price": "None", "Sale Price": "4.99", "Image": "https://assets.shop.loblaws.ca/products/21433078/b1/en/front/21433078_front_a01_@2.png", "Brand": "Premier", "Url": "https://www.maxi.ca/seafood-mix/p/21433078_EA", "Sub Category": null, "English Name": "Seafood Mix", "Size": "340 g", "Size Label": "ea"}, {"Category": "East Asian Foods", "Aisle": "International Foods", "Sku": "21202245001_EA", "Regular Price": "None", "Sale Price": "3.48", "Image": "https://assets.shop.loblaws.ca/products/21202245001/b1/en/front/21202245001_front_a01_@2.png", "Brand": null, "Url": "https://www.maxi.ca/shanghai-mini-bok-choy/p/21202245001_EA", "Sub Category": null, "English Name": "Shanghai Mini Bok Choy", "Size": "454 g", "Size Label": "ea"}, {"Category": "East Asian Foods", "Aisle": "International Foods", "Sku": "20027170_EA", "Regular Price": "None", "Sale Price": "8.99", "Image": "https://assets.shop.loblaws.ca/products/20027170/b1/en/front/20027170_front_a01_@2.png", "Brand": "Seaquest", "Url": "https://www.maxi.ca/calamari-rings-uncooked/p/20027170_EA", "Sub Category": null, "English Name": "Calamari Rings, Uncooked", "Size": "340 g", "Size Label": "ea"}, {"Category": "East Asian Foods", "Aisle": "International Foods", "Sku": "20066381_KG", "Regular Price": "None", "Sale Price": "7.51", "Image": "https://assets.shop.loblaws.ca/products/20066381/b1/en/front/20066381_front_a01_@2.png", "Brand": null, "Url": "https://www.maxi.ca/golden-pompano-fish-frozen/p/20066381_KG", "Sub Category": null, "English Name": "Golden Pompano Fish, Frozen", "Size": "$4.49/1lb $9.90/1kg", "Size Label": "ea"}, {"Category": "East Asian Foods", "Aisle": "International Foods", "Sku": "20078881_KG", "Regular Price": "None", "Sale Price": "33.03", "Image": "https://assets.shop.loblaws.ca/products/20078881/b1/en/front/20078881_front_a01_@2.png", "Brand": null, "Url": "https://www.maxi.ca/grade-a-frozen-duck/p/20078881_KG", "Sub Category": null, "English Name": "Grade A Frozen Duck", "Size": "$13.21/1kg $5.99/1lb", "Size Label": "ea"}, {"Category": "East Asian Foods", "Aisle": "International Foods", "Sku": "21504277_EA", "Regular Price": "None", "Sale Price": "1.49", "Image": "https://assets.shop.loblaws.ca/products/21504277/b1/en/front/21504277_front_a01_@2.png", "Brand": "Nong Shim", "Url": "https://www.maxi.ca/shin-noodles-with-soup-mix-gourmet-spicy/p/21504277_EA", "Sub Category": null, "English Name": "Shin Noodles With Soup Mix Gourmet Spicy", "Size": "120 g", "Size Label": "ea"}, {"Category": "Caribbean Foods", "Aisle": "International Foods", "Sku": "20111926001_KG", "Regular Price": "None", "Sale Price": "0.94", "Image": "https://assets.shop.loblaws.ca/products/20111926001/b1/en/front/20111926001_front_a01_@2.png", "Brand": null, "Url": "https://www.maxi.ca/plantains-single/p/20111926001_KG", "Sub Category": null, "English Name": "Plantains, Single", "Size": "$2.84/1kg $1.29/1lb", "Size Label": "ea"}, {"Category": "Caribbean Foods", "Aisle": "International Foods", "Sku": "20169868001_KG", "Regular Price": "None", "Sale Price": "1.57", "Image": "https://assets.shop.loblaws.ca/products/20169868001/b1/en/front/20169868001_front_a01_@2.png", "Brand": null, "Url": "https://www.maxi.ca/caribbean-sweet-potatoes/p/20169868001_KG", "Sub Category": null, "English Name": "Caribbean Sweet Potatoes", "Size": "$5.05/1kg $2.29/1lb", "Size Label": "ea"}, {"Category": "Caribbean Foods", "Aisle": "International Foods", "Sku": "20167837001_EA", "Regular Price": "None", "Sale Price": "1.29", "Image": "https://assets.shop.loblaws.ca/products/20167837001/b1/en/front/20167837001_front_a01_@2.png", "Brand": null, "Url": "https://www.maxi.ca/chayote-squash/p/20167837001_EA", "Sub Category": null, "English Name": "Chayote Squash", "Size": "1 ea", "Size Label": "ea"}, {"Category": "Caribbean Foods", "Aisle": "International Foods", "Sku": "20087682001_KG", "Regular Price": "None", "Sale Price": "2.69", "Image": "https://assets.shop.loblaws.ca/products/20087682001/b1/en/front/20087682001_front_a01_@2.png", "Brand": null, "Url": "https://www.maxi.ca/cassava/p/20087682001_KG", "Sub Category": null, "English Name": "Cassava", "Size": "$1.79/1lb $3.95/1kg", "Size Label": "ea"}, {"Category": "Caribbean Foods", "Aisle": "International Foods", "Sku": "20119760001_EA", "Regular Price": "None", "Sale Price": "3.99", "Image": "https://assets.shop.loblaws.ca/products/20119760001/b1/en/front/20119760001_front_a01_@2.png", "Brand": null, "Url": "https://www.maxi.ca/caribbean-avocado/p/20119760001_EA", "Sub Category": null, "English Name": "Caribbean Avocado", "Size": "1 ea", "Size Label": "ea"}, {"Category": "Caribbean Foods", "Aisle": "International Foods", "Sku": "21454569001_EA", "Regular Price": "None", "Sale Price": "4.50", "Image": "https://assets.shop.loblaws.ca/products/21454569001/b1/en/front/21454569001_front_a01_@2.png", "Brand": "President's Choice", "Url": "https://www.maxi.ca/scotch-bonnet-hot-peppers/p/21454569001_EA", "Sub Category": null, "English Name": "Scotch Bonnet Hot Peppers", "Size": "113 g", "Size Label": "ea"}, {"Category": "Caribbean Foods", "Aisle": "International Foods", "Sku": "20866469001_KG", "Regular Price": "None", "Sale Price": "1.74", "Image": "https://assets.shop.loblaws.ca/products/20866469001/b1/en/front/20866469001_front_a01_@2.png", "Brand": null, "Url": "https://www.maxi.ca/jamaican-aloe/p/20866469001_KG", "Sub Category": null, "English Name": "Jamaican Aloe", "Size": "$1.49/1lb $3.28/1kg", "Size Label": "ea"}, {"Category": "Caribbean Foods", "Aisle": "International Foods", "Sku": "20070018001_KG", "Regular Price": "None", "Sale Price": "7.71", "Image": "https://assets.shop.loblaws.ca/products/20070018001/b1/en/front/20070018001_front_a01_@2.png", "Brand": null, "Url": "https://www.maxi.ca/yellow-yams/p/20070018001_KG", "Sub Category": null, "English Name": "Yellow Yams", "Size": "$15.41/1kg $6.99/1lb", "Size Label": "ea"}, {"Category": "Caribbean Foods", "Aisle": "International Foods", "Sku": "20130919001_KG", "Regular Price": "None", "Sale Price": "4.84", "Image": "https://assets.shop.loblaws.ca/products/20130919001/b1/en/front/20130919001_front_a01_@2.png", "Brand": null, "Url": "https://www.maxi.ca/jamaican-sweet-potatoes/p/20130919001_KG", "Sub Category": null, "English Name": "Jamaican Sweet Potatoes", "Size": "$12.10/1kg $5.49/1lb", "Size Label": "ea"}, {"Category": "Caribbean Foods", "Aisle": "International Foods", "Sku": "20863969001_KG", "Regular Price": "None", "Sale Price": "4.05", "Image": "https://assets.shop.loblaws.ca/products/20863969001/b1/en/front/20863969001_front_a01_@2.png", "Brand": null, "Url": "https://www.maxi.ca/jamaican-ginger/p/20863969001_KG", "Sub Category": null, "English Name": "Jamaican Ginger", "Size": "$17.61/1kg $7.99/1lb", "Size Label": "ea"}, {"Category": "Caribbean Foods", "Aisle": "International Foods", "Sku": "21155208_EA", "Regular Price": "None", "Sale Price": "1.69", "Image": "https://assets.shop.loblaws.ca/products/21155208/b1/en/front/21155208_front_a01_@2.png", "Brand": "SS Frutas", "Url": "https://www.maxi.ca/ranch-yuca-crisps/p/21155208_EA", "Sub Category": null, "English Name": "Ranch Yuca Crisps", "Size": "85 g", "Size Label": "ea"}, {"Category": "Caribbean Foods", "Aisle": "International Foods", "Sku": "20866318001_KG", "Regular Price": "None", "Sale Price": "7.01", "Image": "https://assets.shop.loblaws.ca/products/20866318001/b1/en/front/20866318001_front_a01_@2.png", "Brand": null, "Url": "https://www.maxi.ca/breadfruit/p/20866318001_KG", "Sub Category": null, "English Name": "Breadfruit", "Size": "$5.99/1kg $2.72/1lb", "Size Label": "ea"}, {"Category": "Caribbean Foods", "Aisle": "International Foods", "Sku": "21155212_EA", "Regular Price": "None", "Sale Price": "1.69", "Image": "https://assets.shop.loblaws.ca/products/21155212/b1/en/front/21155212_front_a01_@2.png", "Brand": "SS Frutas", "Url": "https://www.maxi.ca/yuca-crisps-salted/p/21155212_EA", "Sub Category": null, "English Name": "Yuca Crisps Salted", "Size": "85 g", "Size Label": "ea"}, {"Category": "Caribbean Foods", "Aisle": "International Foods", "Sku": "20866306001_KG", "Regular Price": "None", "Sale Price": "2.59", "Image": "https://assets.shop.loblaws.ca/products/20866306001/b1/en/front/20866306001_front_a01_@2.png", "Brand": null, "Url": "https://www.maxi.ca/breadnut/p/20866306001_KG", "Sub Category": null, "English Name": "Breadnut", "Size": "$4.39/1kg $1.99/1lb", "Size Label": "ea"}, {"Category": "Caribbean Foods", "Aisle": "International Foods", "Sku": "20708073001_EA", "Regular Price": "None", "Sale Price": "2.99", "Image": "https://assets.shop.loblaws.ca/products/20708073001/b1/en/front/20708073001_front_a01_@2.png", "Brand": null, "Url": "https://www.maxi.ca/sugar-cane/p/20708073001_EA", "Sub Category": null, "English Name": "Sugar Cane", "Size": "1 ea", "Size Label": "ea"}, {"Category": "Halal Foods", "Aisle": "International Foods", "Sku": "21430678_EA", "Regular Price": "None", "Sale Price": "12.00", "Image": "https://assets.shop.loblaws.ca/products/21430678/b1/en/front/21430678_front_a01_@2.png", "Brand": "Sufra", "Url": "https://www.maxi.ca/boneless-skinless-chicken-breasts/p/21430678_EA", "Sub Category": null, "English Name": "Boneless Skinless Chicken Breasts", "Size": "645 g", "Size Label": "ea"}, {"Category": "Halal Foods", "Aisle": "International Foods", "Sku": "21430680_EA", "Regular Price": "None", "Sale Price": "8.00", "Image": "https://assets.shop.loblaws.ca/products/21430680/b1/en/front/21430680_front_a01_@2.png", "Brand": "Sufra", "Url": "https://www.maxi.ca/bone-in-skin-on-chicken-thighs/p/21430680_EA", "Sub Category": null, "English Name": "Bone-in Skin-on Chicken Thighs", "Size": "840 g", "Size Label": "ea"}, {"Category": "Halal Foods", "Aisle": "International Foods", "Sku": "21430671_EA", "Regular Price": "None", "Sale Price": "26.00", "Image": "https://assets.shop.loblaws.ca/products/21430671/b1/en/front/21430671_front_a01_@2.png", "Brand": "Sufra", "Url": "https://www.maxi.ca/boneless-skinless-chicken-breasts/p/21430671_EA", "Sub Category": null, "English Name": "Boneless Skinless Chicken Breasts", "Size": "1.505 kg", "Size Label": "ea"}, {"Category": "Halal Foods", "Aisle": "International Foods", "Sku": "21430676_EA", "Regular Price": "None", "Sale Price": "9.00", "Image": "https://assets.shop.loblaws.ca/products/21430676/b1/en/front/21430676_front_a01_@2.png", "Brand": "Sufra", "Url": "https://www.maxi.ca/skin-on-chicken-legs/p/21430676_EA", "Sub Category": null, "English Name": "Skin-on Chicken Legs", "Size": "1.28 kg", "Size Label": "ea"}, {"Category": "Halal Foods", "Aisle": "International Foods", "Sku": "21427840_EA", "Regular Price": "None", "Sale Price": "8.00", "Image": "https://assets.shop.loblaws.ca/products/21427840/b1/en/front/21427840_front_a01_@2.png", "Brand": "Sufra", "Url": "https://www.maxi.ca/chicken-drumsticks-halal/p/21427840_EA", "Sub Category": null, "English Name": "Chicken Drumsticks, Halal", "Size": "840 g", "Size Label": "ea"}, {"Category": "Halal Foods", "Aisle": "International Foods", "Sku": "20563213_EA", "Regular Price": "None", "Sale Price": "7.99", "Image": "https://assets.shop.loblaws.ca/products/20563213/b1/en/front/20563213_front_a01_@2.png", "Brand": "President's Choice", "Url": "https://www.maxi.ca/halloom-semi-soft-unripened-cheese/p/20563213_EA", "Sub Category": null, "English Name": "Halloom\u00a0Semi-Soft\u00a0Unripened\u00a0Cheese\u00a0", "Size": "250 g", "Size Label": "ea"}, {"Category": "Halal Foods", "Aisle": "International Foods", "Sku": "21430672_EA", "Regular Price": "None", "Sale Price": "13.00", "Image": "https://assets.shop.loblaws.ca/products/21430672/b1/en/front/21430672_front_a01_@2.png", "Brand": "Sufra", "Url": "https://www.maxi.ca/chicken-thigh-club-pack/p/21430672_EA", "Sub Category": null, "English Name": "Chicken Thigh, Club Pack", "Size": "1.54 kg", "Size Label": "ea"}, {"Category": "Halal Foods", "Aisle": "International Foods", "Sku": "21430675_EA", "Regular Price": "None", "Sale Price": "8.00", "Image": "https://assets.shop.loblaws.ca/products/21430675/b1/en/front/21430675_front_a01_@2.png", "Brand": "Sufra", "Url": "https://www.maxi.ca/extra-lean-ground-chicken/p/21430675_EA", "Sub Category": null, "English Name": "Extra Lean Ground Chicken", "Size": "454 g", "Size Label": "ea"}, {"Category": "Halal Foods", "Aisle": "International Foods", "Sku": "21430677_EA", "Regular Price": "None", "Sale Price": "12.00", "Image": "https://assets.shop.loblaws.ca/products/21430677/b1/en/front/21430677_front_a01_@2.png", "Brand": "Sufra", "Url": "https://www.maxi.ca/chicken-legs/p/21430677_EA", "Sub Category": null, "English Name": "Chicken Legs", "Size": "1.6 kg", "Size Label": "ea"}, {"Category": "Halal Foods", "Aisle": "International Foods", "Sku": "21430674_EA", "Regular Price": "None", "Sale Price": "12.00", "Image": "https://assets.shop.loblaws.ca/products/21430674/b1/en/front/21430674_front_a01_@2.png", "Brand": "Sufra", "Url": "https://www.maxi.ca/skin-on-chicken-drumsticks/p/21430674_EA", "Sub Category": null, "English Name": "Skin-on Chicken Drumsticks", "Size": "1.575 kg", "Size Label": "ea"}, {"Category": "Halal Foods", "Aisle": "International Foods", "Sku": "21430679_EA", "Regular Price": "None", "Sale Price": "17.00", "Image": "https://assets.shop.loblaws.ca/products/21430679/b1/en/front/21430679_front_a01_@2.png", "Brand": "Sufra", "Url": "https://www.maxi.ca/boneless-skinless-chicken-breasts/p/21430679_EA", "Sub Category": null, "English Name": "Boneless Skinless Chicken Breasts", "Size": "1.075 kg", "Size Label": "ea"}, {"Category": "Halal Foods", "Aisle": "International Foods", "Sku": "21352008_EA", "Regular Price": "None", "Sale Price": "10.99", "Image": "https://assets.shop.loblaws.ca/products/21352008/b1/en/front/21352008_front_a01_@2.png", "Brand": "President's Choice", "Url": "https://www.maxi.ca/free-from-lean-ground-lamb/p/21352008_EA", "Sub Category": null, "English Name": "Free From Lean Ground Lamb", "Size": "454 g", "Size Label": "ea"}, {"Category": "Halal Foods", "Aisle": "International Foods", "Sku": "20558986_EA", "Regular Price": "None", "Sale Price": "7.99", "Image": "https://assets.shop.loblaws.ca/products/20558986/b1/en/front/20558986_front_a01_@2.png", "Brand": "President's Choice", "Url": "https://www.maxi.ca/herb-garlic-halloom/p/20558986_EA", "Sub Category": null, "English Name": "Herb & Garlic Halloom", "Size": "250 g", "Size Label": "ea"}, {"Category": "Halal Foods", "Aisle": "International Foods", "Sku": "21430606_EA", "Regular Price": "None", "Sale Price": "22.00", "Image": "https://assets.shop.loblaws.ca/products/21430606/b1/en/front/21430606_front_a01_@2.png", "Brand": "Sufra", "Url": "https://www.maxi.ca/halal-chicken-wings/p/21430606_EA", "Sub Category": null, "English Name": "Halal Chicken Wings", "Size": "2 kg", "Size Label": "ea"}, {"Category": "Halal Foods", "Aisle": "International Foods", "Sku": "21397283_EA", "Regular Price": "None", "Sale Price": "7.00", "Image": "https://assets.shop.loblaws.ca/products/21397283/b1/en/front/21397283_front_a01_@2.png", "Brand": "Sufra", "Url": "https://www.maxi.ca/lean-beef/p/21397283_EA", "Sub Category": null, "English Name": "Lean Beef", "Size": "454 g", "Size Label": "ea"}, {"Category": "Halal Foods", "Aisle": "International Foods", "Sku": "20664357_KG", "Regular Price": "None", "Sale Price": "12.89", "Image": "https://assets.shop.loblaws.ca/products/20664357/b1/en/front/20664357_front_a01_@2.png", "Brand": "President's Choice", "Url": "https://www.maxi.ca/free-from-australian-lamb-loin-chops/p/20664357_KG", "Sub Category": null, "English Name": "Free From Australian Lamb Loin Chops", "Size": "$12.99/1lb $28.64/1kg", "Size Label": "ea"}, {"Category": "Halal Foods", "Aisle": "International Foods", "Sku": "20798674_KG", "Regular Price": "None", "Sale Price": "18.77", "Image": "https://assets.shop.loblaws.ca/products/20798674/b1/en/front/20798674_front_a01_@2.png", "Brand": "President's Choice", "Url": "https://www.maxi.ca/free-from-australian-lamb-shanks/p/20798674_KG", "Sub Category": null, "English Name": "Free From Australian Lamb Shanks", "Size": "$16.51/1kg $7.49/1lb", "Size Label": "ea"}, {"Category": "Halal Foods", "Aisle": "International Foods", "Sku": "21301432_EA", "Regular Price": "None", "Sale Price": "9.99", "Image": "https://assets.shop.loblaws.ca/products/21301432/b1/en/front/21301432_front_a01_@2.png", "Brand": "Saputo", "Url": "https://www.maxi.ca/haloumi-plain-26-m-f-semi-soft-unripened-cheese/p/21301432_EA", "Sub Category": null, "English Name": "Haloumi Plain 26% M.F. Semi-Soft Unripened Cheese", "Size": "235 g", "Size Label": "ea"}, {"Category": "Halal Foods", "Aisle": "International Foods", "Sku": "21024953_KG", "Regular Price": "None", "Sale Price": "20.87", "Image": "https://assets.shop.loblaws.ca/products/21024953/b1/en/front/21024953_front_a01_@2.png", "Brand": "President's Choice", "Url": "https://www.maxi.ca/free-from-rosemary-and-garlic-australian-lamb/p/21024953_KG", "Sub Category": null, "English Name": "Free From Rosemary and Garlic Australian Lamb", "Size": "$11.49/1lb $25.33/1kg", "Size Label": "ea"}, {"Category": "Halal Foods", "Aisle": "International Foods", "Sku": "20660949_KG", "Regular Price": "None", "Sale Price": "8.59", "Image": "https://assets.shop.loblaws.ca/products/20660949/b1/en/front/20660949_front_a01_@2.png", "Brand": "President's Choice", "Url": "https://www.maxi.ca/free-from-australian-lamb-shoulder-chops/p/20660949_KG", "Sub Category": null, "English Name": "Free From Australian Lamb Shoulder Chops", "Size": "$12.99/1lb $28.64/1kg", "Size Label": "ea"}, {"Category": "Halal Foods", "Aisle": "International Foods", "Sku": "21395711_EA", "Regular Price": "None", "Sale Price": "11.00", "Image": "https://assets.shop.loblaws.ca/products/21395711/b1/en/front/21395711_front_a01_@2.png", "Brand": "Sufra", "Url": "https://www.maxi.ca/halal-diced-beef/p/21395711_EA", "Sub Category": null, "English Name": "Halal Diced Beef", "Size": "454 g", "Size Label": "ea"}, {"Category": "Halal Foods", "Aisle": "International Foods", "Sku": "20999707_KG", "Regular Price": "None", "Sale Price": "8.40", "Image": "https://assets.shop.loblaws.ca/products/20999707/b1/en/front/20999707_front_a01_@2.png", "Brand": "Sufra", "Url": "https://www.maxi.ca/halal-chicken-drumsticks-tray-pack/p/20999707_KG", "Sub Category": null, "English Name": "Halal Chicken Drumsticks, Tray Pack", "Size": "$3.79/1lb $8.36/1kg", "Size Label": "ea"}, {"Category": "Halal Foods", "Aisle": "International Foods", "Sku": "21166900_EA", "Regular Price": "None", "Sale Price": "10.00", "Image": "https://assets.shop.loblaws.ca/products/21166900/b1/en/front/21166900_front_a01_@2.png", "Brand": "Sufra", "Url": "https://www.maxi.ca/halal-whole-chicken/p/21166900_EA", "Sub Category": null, "English Name": "Halal Whole Chicken", "Size": "1600 g", "Size Label": "ea"}, {"Category": "Halal Foods", "Aisle": "International Foods", "Sku": "20179913_EA", "Regular Price": "None", "Sale Price": "10.49", "Image": "https://assets.shop.loblaws.ca/products/20179913/b1/en/front/20179913_front_a01_@2.png", "Brand": "New Zealand", "Url": "https://www.maxi.ca/lamb-loin-chops/p/20179913_EA", "Sub Category": null, "English Name": "Lamb Loin Chops", "Size": "350 g", "Size Label": "ea"}, {"Category": "Halal Foods", "Aisle": "International Foods", "Sku": "20143053_EA", "Regular Price": "None", "Sale Price": "21.99", "Image": "https://assets.shop.loblaws.ca/products/20143053/b1/en/front/20143053_front_a01_@2.png", "Brand": "New Zealand", "Url": "https://www.maxi.ca/goat-stew-bone-in/p/20143053_EA", "Sub Category": null, "English Name": "Goat Stew Bone In", "Size": "1 kg", "Size Label": "ea"}, {"Category": "Halal Foods", "Aisle": "International Foods", "Sku": "21057132_KG", "Regular Price": "None", "Sale Price": "18.44", "Image": "https://assets.shop.loblaws.ca/products/21057132/b1/en/front/21057132_front_a01_@2.png", "Brand": "President's Choice", "Url": "https://www.maxi.ca/free-from-australian-lamb-lollipops/p/21057132_KG", "Sub Category": null, "English Name": "Free From Australian Lamb Lollipops", "Size": "$61.71/1kg $28.00/1lb", "Size Label": "ea"}, {"Category": "Halal Foods", "Aisle": "International Foods", "Sku": "20660950_KG", "Regular Price": "None", "Sale Price": "29.09", "Image": "https://assets.shop.loblaws.ca/products/20660950/b1/en/front/20660950_front_a01_@2.png", "Brand": "President's Choice", "Url": "https://www.maxi.ca/free-from-australian-lamb-frenched-rack/p/20660950_KG", "Sub Category": null, "English Name": "Free From Australian Lamb Frenched Rack", "Size": "$48.48/1kg $22.00/1lb", "Size Label": "ea"}, {"Category": "Halal Foods", "Aisle": "International Foods", "Sku": "20819288_KG", "Regular Price": "None", "Sale Price": "39.50", "Image": "https://assets.shop.loblaws.ca/products/20819288/b1/en/front/20819288_front_a01_@2.png", "Brand": "President's Choice", "Url": "https://www.maxi.ca/fresh-lamb-leg-short-cut/p/20819288_KG", "Sub Category": null, "English Name": "Fresh Lamb Leg - Short Cut", "Size": "$16.51/1kg $7.49/1lb", "Size Label": "ea"}, {"Category": "Halal Foods", "Aisle": "International Foods", "Sku": "21033544_KG", "Regular Price": "None", "Sale Price": "32.51", "Image": "https://assets.shop.loblaws.ca/products/21033544/b1/en/front/21033544_front_a01_@2.png", "Brand": "Sufra", "Url": "https://www.maxi.ca/halal-frozen-turkey/p/21033544_KG", "Sub Category": null, "English Name": "Halal Frozen Turkey", "Size": "$2.77/1lb $6.11/1kg", "Size Label": "ea"}, {"Category": "Halal Foods", "Aisle": "International Foods", "Sku": "20660947_KG", "Regular Price": "None", "Sale Price": "11.46", "Image": "https://assets.shop.loblaws.ca/products/20660947/b1/en/front/20660947_front_a01_@2.png", "Brand": "President's Choice", "Url": "https://www.maxi.ca/fresh-lamb-marinated-loin-chops/p/20660947_KG", "Sub Category": null, "English Name": "Fresh Lamb Marinated Loin Chops", "Size": "$12.99/1lb $28.64/1kg", "Size Label": "ea"}, {"Category": "Halal Foods", "Aisle": "International Foods", "Sku": "20660948_KG", "Regular Price": "None", "Sale Price": "10.55", "Image": "https://assets.shop.loblaws.ca/products/20660948/b1/en/front/20660948_front_a01_@2.png", "Brand": "President's Choice", "Url": "https://www.maxi.ca/australian-lamb-shoulder-chops-rosemary-garlic/p/20660948_KG", "Sub Category": null, "English Name": "Australian Lamb Shoulder Chops Rosemary & Garlic ", "Size": "$12.99/1lb $28.64/1kg", "Size Label": "ea"}, {"Category": "Halal Foods", "Aisle": "International Foods", "Sku": "20819368_KG", "Regular Price": "None", "Sale Price": "48.60", "Image": "https://assets.shop.loblaws.ca/products/20819368/b1/en/front/20819368_front_a01_@2.png", "Brand": "President's Choice", "Url": "https://www.maxi.ca/free-from-short-cut-leg-australian-lamb/p/20819368_KG", "Sub Category": null, "English Name": "Free From Short Cut Leg Australian Lamb", "Size": "$17.61/1kg $7.99/1lb", "Size Label": "ea"}, {"Category": "Middle Eastern Foods", "Aisle": "International Foods", "Sku": "20001686_EA", "Regular Price": "13.00", "Sale Price": "12.00", "Image": "https://assets.shop.loblaws.ca/products/20001686/b1/en/front/20001686_front_a01_@2.png", "Brand": null, "Url": "https://www.maxi.ca/dates-medjool/p/20001686_EA", "Sub Category": null, "English Name": "Dates Medjool", "Size": "907 g", "Size Label": "ea"}, {"Category": "Middle Eastern Foods", "Aisle": "International Foods", "Sku": "20037690_EA", "Regular Price": "None", "Sale Price": "3.79", "Image": "https://assets.shop.loblaws.ca/products/20037690/b1/en/front/20037690_front_a01_@2.png", "Brand": null, "Url": "https://www.maxi.ca/dried-turkish-apricots/p/20037690_EA", "Sub Category": null, "English Name": "Dried Turkish Apricots", "Size": "200 g", "Size Label": "ea"}, {"Category": "Middle Eastern Foods", "Aisle": "International Foods", "Sku": "20772841_EA", "Regular Price": "None", "Sale Price": "7.29", "Image": "https://assets.shop.loblaws.ca/products/20772841/b1/en/front/20772841_front_a01_@2.png", "Brand": null, "Url": "https://www.maxi.ca/pitted-honey-dates/p/20772841_EA", "Sub Category": null, "English Name": "Pitted Honey Dates", "Size": "907 g", "Size Label": "ea"}, {"Category": "Middle Eastern Foods", "Aisle": "International Foods", "Sku": "20599942_EA", "Regular Price": "None", "Sale Price": "3.79", "Image": "https://assets.shop.loblaws.ca/products/20599942/b1/en/front/20599942_front_a01_@2.png", "Brand": "Aurora", "Url": "https://www.maxi.ca/dried-turkish-figs/p/20599942_EA", "Sub Category": null, "English Name": "Dried Turkish Figs", "Size": "200 g", "Size Label": "ea"}, {"Category": "Middle Eastern Foods", "Aisle": "International Foods", "Sku": "21214481_EA", "Regular Price": "None", "Sale Price": "1.29", "Image": "https://assets.shop.loblaws.ca/products/21214481/b1/en/front/21214481_front_a01_@2.png", "Brand": "Tamam", "Url": "https://www.maxi.ca/red-kidney-beans/p/21214481_EA", "Sub Category": null, "English Name": "Red Kidney Beans", "Size": "540 ml", "Size Label": "ea"}, {"Category": "Middle Eastern Foods", "Aisle": "International Foods", "Sku": "21440957_EA", "Regular Price": "None", "Sale Price": "1.50", "Image": "https://assets.shop.loblaws.ca/products/21440957/b1/en/front/21440957_front_a01_@2.png", "Brand": "Frontier Bakery", "Url": "https://www.maxi.ca/lebanese-style-white-bread-pita/p/21440957_EA", "Sub Category": null, "English Name": "Lebanese Style White Bread Pita", "Size": "268 g", "Size Label": "ea"}, {"Category": "Middle Eastern Foods", "Aisle": "International Foods", "Sku": "20029024_EA", "Regular Price": "None", "Sale Price": "3.49", "Image": "https://assets.shop.loblaws.ca/products/20029024/b1/en/front/20029024_front_a01_@2.png", "Brand": null, "Url": "https://www.maxi.ca/honey-pitted-dates/p/20029024_EA", "Sub Category": null, "English Name": "Honey Pitted Dates", "Size": "350 g", "Size Label": "ea"}, {"Category": "Middle Eastern Foods", "Aisle": "International Foods", "Sku": "21441043_EA", "Regular Price": "None", "Sale Price": "1.50", "Image": "https://assets.shop.loblaws.ca/products/21441043/b1/en/front/21441043_front_a01_@2.png", "Brand": "Frontier Bakery", "Url": "https://www.maxi.ca/white-pita-greek-pocketless-flat-bread/p/21441043_EA", "Sub Category": null, "English Name": "White Pita Greek Pocketless Flat Bread", "Size": "425 g", "Size Label": "ea"}, {"Category": "Middle Eastern Foods", "Aisle": "International Foods", "Sku": "21097786001_EA", "Regular Price": "None", "Sale Price": "6.99", "Image": "https://assets.shop.loblaws.ca/products/21097786001/b1/en/front/21097786001_front_a01_@2.png", "Brand": null, "Url": "https://www.maxi.ca/bard-valley-natural-delights-pitted-medjool-dates/p/21097786001_EA", "Sub Category": null, "English Name": "Bard Valley Natural Delights Pitted Medjool Dates", "Size": "340 g", "Size Label": "ea"}, {"Category": "Middle Eastern Foods", "Aisle": "International Foods", "Sku": "21237887_EA", "Regular Price": "None", "Sale Price": "4.49", "Image": "https://assets.shop.loblaws.ca/products/21237887/b1/en/front/21237887_front_a01_@2.png", "Brand": "Tamam", "Url": "https://www.maxi.ca/sliced-pickled-turnips/p/21237887_EA", "Sub Category": null, "English Name": "Sliced Pickled Turnips", "Size": "1 kg", "Size Label": "ea"}, {"Category": "Middle Eastern Foods", "Aisle": "International Foods", "Sku": "21454333001_EA", "Regular Price": "None", "Sale Price": "4.50", "Image": "https://assets.shop.loblaws.ca/products/21454333001/b1/en/front/21454333001_front_a01_@2.png", "Brand": "President's Choice", "Url": "https://www.maxi.ca/pencil-hot-hot-peppers/p/21454333001_EA", "Sub Category": null, "English Name": "Pencil Hot Hot Peppers", "Size": "80 g", "Size Label": "ea"}, {"Category": "Middle Eastern Foods", "Aisle": "International Foods", "Sku": "20105016_EA", "Regular Price": "None", "Sale Price": "9.49", "Image": "https://assets.shop.loblaws.ca/products/20105016/b1/en/front/20105016_front_a01_@2.png", "Brand": "Pilaros", "Url": "https://www.maxi.ca/green-olives-with-garlic/p/20105016_EA", "Sub Category": null, "English Name": "Green Olives with Garlic", "Size": "1 l", "Size Label": "ea"}, {"Category": "Middle Eastern Foods", "Aisle": "International Foods", "Sku": "21217099_EA", "Regular Price": "None", "Sale Price": "2.29", "Image": "https://assets.shop.loblaws.ca/products/21217099/b1/en/front/21217099_front_a01_@2.png", "Brand": "Tamam", "Url": "https://www.maxi.ca/orange-blossom-water/p/21217099_EA", "Sub Category": null, "English Name": "Orange Blossom Water", "Size": "300 ml", "Size Label": "ea"}, {"Category": "Middle Eastern Foods", "Aisle": "International Foods", "Sku": "21454791_EA", "Regular Price": "None", "Sale Price": "12.99", "Image": "https://assets.shop.loblaws.ca/products/21454791/b1/en/front/21454791_front_a01_@2.png", "Brand": "Ocean Jewel", "Url": "https://www.maxi.ca/european-seabream-raw/p/21454791_EA", "Sub Category": null, "English Name": "European Seabream Raw", "Size": "640 g", "Size Label": "ea"}, {"Category": "Middle Eastern Foods", "Aisle": "International Foods", "Sku": "21440655_EA", "Regular Price": "None", "Sale Price": "3.00", "Image": "https://assets.shop.loblaws.ca/products/21440655/b1/en/front/21440655_front_a01_@2.png", "Brand": "Frontier Bakery", "Url": "https://www.maxi.ca/mini-whole-wheat-pita/p/21440655_EA", "Sub Category": null, "English Name": "Mini Whole Wheat Pita", "Size": "360 g", "Size Label": "ea"}, {"Category": "Middle Eastern Foods", "Aisle": "International Foods", "Sku": "21333472_EA", "Regular Price": "None", "Sale Price": "13.99", "Image": "https://assets.shop.loblaws.ca/products/21333472/b1/en/front/21333472_front_a01_@2.png", "Brand": "Ocean Jewel", "Url": "https://www.maxi.ca/mediterranean-sea-bass-raw/p/21333472_EA", "Sub Category": null, "English Name": "Mediterranean Sea Bass Raw", "Size": "640 g", "Size Label": "ea"}, {"Category": "Middle Eastern Foods", "Aisle": "International Foods", "Sku": "20050734_EA", "Regular Price": "None", "Sale Price": "3.49", "Image": "https://assets.shop.loblaws.ca/products/20050734/b1/en/front/20050734_front_a01_@2.png", "Brand": "Montreal Pita", "Url": "https://www.maxi.ca/whole-wheat-pita-bread/p/20050734_EA", "Sub Category": null, "English Name": "Whole Wheat Pita Bread", "Size": "720 g", "Size Label": "ea"}, {"Category": "Middle Eastern Foods", "Aisle": "International Foods", "Sku": "20133798_EA", "Regular Price": "None", "Sale Price": "6.00", "Image": "https://assets.shop.loblaws.ca/products/20133798/b1/en/front/20133798_front_a01_@2.png", "Brand": "Diana", "Url": "https://www.maxi.ca/marinated-artichokes/p/20133798_EA", "Sub Category": null, "English Name": "Marinated Artichokes", "Size": "1 l", "Size Label": "ea"}, {"Category": "Middle Eastern Foods", "Aisle": "International Foods", "Sku": "20146109_EA", "Regular Price": "None", "Sale Price": "2.49", "Image": "https://assets.shop.loblaws.ca/products/20146109/b1/en/front/20146109_front_a01_@2.png", "Brand": "Clic", "Url": "https://www.maxi.ca/wheatlet/p/20146109_EA", "Sub Category": null, "English Name": "Wheatlet", "Size": "907 g", "Size Label": "ea"}, {"Category": "Middle Eastern Foods", "Aisle": "International Foods", "Sku": "20312891_EA", "Regular Price": "None", "Sale Price": "3.29", "Image": "https://assets.shop.loblaws.ca/products/20312891/b1/en/front/20312891_front_a01_@2.png", "Brand": "Clic", "Url": "https://www.maxi.ca/chick-peas/p/20312891_EA", "Sub Category": null, "English Name": "Chick Peas", "Size": "907 g", "Size Label": "ea"}, {"Category": "Middle Eastern Foods", "Aisle": "International Foods", "Sku": "21440650_EA", "Regular Price": "None", "Sale Price": "3.00", "Image": "https://assets.shop.loblaws.ca/products/21440650/b1/en/front/21440650_front_a01_@2.png", "Brand": "Frontier Bakery", "Url": "https://www.maxi.ca/mini-white-pita/p/21440650_EA", "Sub Category": null, "English Name": "Mini White Pita", "Size": "360 g", "Size Label": "ea"}, {"Category": "Middle Eastern Foods", "Aisle": "International Foods", "Sku": "20032220_EA", "Regular Price": "None", "Sale Price": "2.29", "Image": "https://assets.shop.loblaws.ca/products/20032220/b1/en/front/20032220_front_a01_@2.png", "Brand": "Montreal Pita", "Url": "https://www.maxi.ca/aladdin-whole-wheat-pita-bread/p/20032220_EA", "Sub Category": null, "English Name": "Aladdin Whole Wheat Pita Bread", "Size": "225 g", "Size Label": "ea"}, {"Category": "Middle Eastern Foods", "Aisle": "International Foods", "Sku": "21499411_EA", "Regular Price": "None", "Sale Price": "9.49", "Image": "https://assets.shop.loblaws.ca/products/21499411/b1/en/front/21499411_front_a01_@2.png", "Brand": "Pilaros", "Url": "https://www.maxi.ca/olives-stuffed-red-peppers-pitted/p/21499411_EA", "Sub Category": null, "English Name": "Olives Stuffed Red Peppers Pitted", "Size": "1 l", "Size Label": "ea"}, {"Category": "Middle Eastern Foods", "Aisle": "International Foods", "Sku": "20087448_EA", "Regular Price": "None", "Sale Price": "9.49", "Image": "https://assets.shop.loblaws.ca/products/20087448/b1/en/front/20087448_front_a01_@2.png", "Brand": "Pilaros", "Url": "https://www.maxi.ca/green-olives-with-almonds/p/20087448_EA", "Sub Category": null, "English Name": "Green Olives with Almonds", "Size": "1 l", "Size Label": "ea"}, {"Category": "Middle Eastern Foods", "Aisle": "International Foods", "Sku": "20061606001_KG", "Regular Price": "None", "Sale Price": "0.77", "Image": "https://assets.shop.loblaws.ca/products/20061606001/b1/en/front/20061606001_front_a01_@2.png", "Brand": null, "Url": "https://www.maxi.ca/large-chestnuts/p/20061606001_KG", "Sub Category": null, "English Name": "Large Chestnuts", "Size": "$1.54/100g $15.41/1kg", "Size Label": "g"}, {"Category": "Middle Eastern Foods", "Aisle": "International Foods", "Sku": "21339135_EA", "Regular Price": "None", "Sale Price": "2.99", "Image": "https://assets.loblaws.ca/pcx_bronx_fe_assets/images/common/coming-soon-en-web.png", "Brand": null, "Url": "https://www.maxi.ca/apricot-dried/p/21339135_EA", "Sub Category": null, "English Name": "Apricot Dried", "Size": "200 g", "Size Label": "ea"}, {"Category": "Middle Eastern Foods", "Aisle": "International Foods", "Sku": "20077426_EA", "Regular Price": "None", "Sale Price": "3.99", "Image": "https://assets.shop.loblaws.ca/products/20077426/b1/en/front/20077426_front_a01_@2.png", "Brand": "Clic", "Url": "https://www.maxi.ca/medium-couscous/p/20077426_EA", "Sub Category": null, "English Name": "Medium Couscous", "Size": "907 g", "Size Label": "ea"}, {"Category": "Middle Eastern Foods", "Aisle": "International Foods", "Sku": "20304550_EA", "Regular Price": "None", "Sale Price": "3.49", "Image": "https://assets.shop.loblaws.ca/products/20304550/b1/en/front/20304550_front_a01_@2.png", "Brand": "Montreal Pita", "Url": "https://www.maxi.ca/arz-plain-pita-bread/p/20304550_EA", "Sub Category": null, "English Name": "Arz Plain Pita Bread", "Size": "675 g", "Size Label": "ea"}, {"Category": "Middle Eastern Foods", "Aisle": "International Foods", "Sku": "20322981_EA", "Regular Price": "3.99", "Sale Price": "3.29", "Image": "https://assets.shop.loblaws.ca/products/20322981/b1/en/front/20322981_front_a01_@2.png", "Brand": "Clic", "Url": "https://www.maxi.ca/peas-yellow/p/20322981_EA", "Sub Category": null, "English Name": "Peas, Yellow", "Size": "907 g", "Size Label": "ea"}, {"Category": "Middle Eastern Foods", "Aisle": "International Foods", "Sku": "21441022_EA", "Regular Price": "None", "Sale Price": "1.50", "Image": "https://assets.shop.loblaws.ca/products/21441022/b1/en/front/21441022_front_a01_@2.png", "Brand": "Frontier Bakery", "Url": "https://www.maxi.ca/lebanese-style-whole-wheat-bread-pita/p/21441022_EA", "Sub Category": null, "English Name": "Lebanese Style Whole Wheat Bread Pita", "Size": "268 g", "Size Label": "ea"}, {"Category": "Latin American Foods", "Aisle": "International Foods", "Sku": "21454762001_EA", "Regular Price": "None", "Sale Price": "4.50", "Image": "https://assets.shop.loblaws.ca/products/21454762001/b1/en/front/21454762001_front_a01_@2.png", "Brand": "President's Choice", "Url": "https://www.maxi.ca/jalapeno-hot-peppers/p/21454762001_EA", "Sub Category": null, "English Name": "Jalapeno Hot Peppers", "Size": "226 g", "Size Label": "ea"}, {"Category": "Latin American Foods", "Aisle": "International Foods", "Sku": "20054076001_EA", "Regular Price": "None", "Sale Price": "3.29", "Image": "https://assets.shop.loblaws.ca/products/20054076001/b1/en/front/20054076001_front_a01_@2.png", "Brand": "La Costena", "Url": "https://www.maxi.ca/refried-pinto-beans/p/20054076001_EA", "Sub Category": null, "English Name": "Refried Pinto Beans", "Size": "546 ml", "Size Label": "ea"}, {"Category": "Latin American Foods", "Aisle": "International Foods", "Sku": "21454747001_EA", "Regular Price": "None", "Sale Price": "4.50", "Image": "https://assets.shop.loblaws.ca/products/21454747001/b1/en/front/21454747001_front_a01_@2.png", "Brand": "President's Choice", "Url": "https://www.maxi.ca/poblano-hot-peppers/p/21454747001_EA", "Sub Category": null, "English Name": "Poblano Hot Peppers", "Size": "226 g", "Size Label": "ea"}, {"Category": "Latin American Foods", "Aisle": "International Foods", "Sku": "21042283001_EA", "Regular Price": "None", "Sale Price": "5.00", "Image": "https://assets.shop.loblaws.ca/products/21042283001/b1/en/front/21042283001_front_a01_@2.png", "Brand": null, "Url": "https://www.maxi.ca/jalapeno-peppers/p/21042283001_EA", "Sub Category": null, "English Name": "Jalapeno Peppers", "Size": "2000 ml", "Size Label": "ea"}, {"Category": "Latin American Foods", "Aisle": "International Foods", "Sku": "20845869_EA", "Regular Price": "None", "Sale Price": "4.99", "Image": "https://assets.shop.loblaws.ca/products/20845869/b1/en/front/20845869_front_a01_@2.png", "Brand": null, "Url": "https://www.maxi.ca/physalis-gooseberries/p/20845869_EA", "Sub Category": null, "English Name": "Physalis (Gooseberries)", "Size": "200 g", "Size Label": "ea"}, {"Category": "Latin American Foods", "Aisle": "International Foods", "Sku": "21454511001_EA", "Regular Price": "None", "Sale Price": "4.50", "Image": "https://assets.shop.loblaws.ca/products/21454511001/b1/en/front/21454511001_front_a01_@2.png", "Brand": "President's Choice", "Url": "https://www.maxi.ca/habanero-hot-peppers/p/21454511001_EA", "Sub Category": null, "English Name": "Habanero Hot Peppers", "Size": "50 g", "Size Label": "ea"}, {"Category": "Latin American Foods", "Aisle": "International Foods", "Sku": "20806688_EA", "Regular Price": "None", "Sale Price": "2.69", "Image": "https://assets.shop.loblaws.ca/products/20806688/b1/en/front/20806688_front_a01_@2.png", "Brand": "La Vista", "Url": "https://www.maxi.ca/chicharrones-fried-pork-skins-salt-added/p/20806688_EA", "Sub Category": null, "English Name": "Chicharrones Fried Pork Skins-Salt Added", "Size": "85 g", "Size Label": "ea"}, {"Category": "European Foods", "Aisle": "International Foods", "Sku": "21396305_EA", "Regular Price": "None", "Sale Price": "8.99", "Image": "https://assets.shop.loblaws.ca/products/21396305/b1/en/front/21396305_front_a01_@2.png", "Brand": "Nigel", "Url": "https://www.maxi.ca/frozen-cod-fish-cakes/p/21396305_EA", "Sub Category": null, "English Name": "Frozen Cod Fish Cakes", "Size": "330 g", "Size Label": "ea"}, {"Category": "European Foods", "Aisle": "International Foods", "Sku": "21396247_EA", "Regular Price": "None", "Sale Price": "9.99", "Image": "https://assets.shop.loblaws.ca/products/21396247/b1/en/front/21396247_front_a01_@2.png", "Brand": "Gelnic", "Url": "https://www.maxi.ca/golden-redfish/p/21396247_EA", "Sub Category": null, "English Name": "Golden Redfish ", "Size": "750 g", "Size Label": "ea"}, {"Category": "European Foods", "Aisle": "International Foods", "Sku": "21396258_EA", "Regular Price": "None", "Sale Price": "7.79", "Image": "https://assets.shop.loblaws.ca/products/21396258/b1/en/front/21396258_front_a01_@2.png", "Brand": "Nigel", "Url": "https://www.maxi.ca/white-horse-mackerel/p/21396258_EA", "Sub Category": null, "English Name": "White Horse Mackerel ", "Size": "750 g", "Size Label": "ea"}, {"Category": "European Foods", "Aisle": "International Foods", "Sku": "21396379_EA", "Regular Price": "None", "Sale Price": "8.99", "Image": "https://assets.shop.loblaws.ca/products/21396379/b1/en/front/21396379_front_a01_@2.png", "Brand": "Nigel", "Url": "https://www.maxi.ca/frozen-shrimp-cakes/p/21396379_EA", "Sub Category": null, "English Name": "Frozen Shrimp Cakes", "Size": "400 g", "Size Label": "ea"}, {"Category": "European Foods", "Aisle": "International Foods", "Sku": "21396387_EA", "Regular Price": "None", "Sale Price": "7.79", "Image": "https://assets.shop.loblaws.ca/products/21396387/b1/en/front/21396387_front_a01_@2.png", "Brand": "Nigel", "Url": "https://www.maxi.ca/atlantic-mackerel/p/21396387_EA", "Sub Category": null, "English Name": "Atlantic Mackerel", "Size": "750 g", "Size Label": "ea"}, {"Category": "European Foods", "Aisle": "International Foods", "Sku": "21396384_EA", "Regular Price": "None", "Sale Price": "9.49", "Image": "https://assets.shop.loblaws.ca/products/21396384/b1/en/front/21396384_front_a01_@2.png", "Brand": "Nigel", "Url": "https://www.maxi.ca/sardine-750-g/p/21396384_EA", "Sub Category": null, "English Name": "Sardine 750 g", "Size": "750 g", "Size Label": "ea"}, {"Category": "European Foods", "Aisle": "International Foods", "Sku": "21396248_EA", "Regular Price": "None", "Sale Price": "7.79", "Image": "https://assets.shop.loblaws.ca/products/21396248/b1/en/front/21396248_front_a01_@2.png", "Brand": "Nigel", "Url": "https://www.maxi.ca/small-sardine-750-g/p/21396248_EA", "Sub Category": null, "English Name": "Small Sardine 750 g", "Size": "750 g", "Size Label": "ea"}, {"Category": "Filipino Foods", "Aisle": "International Foods", "Sku": "21454495001_EA", "Regular Price": "None", "Sale Price": "4.50", "Image": "https://assets.shop.loblaws.ca/products/21454495001/b1/en/front/21454495001_front_a01_@2.png", "Brand": "President's Choice", "Url": "https://www.maxi.ca/red-thai-hot-peppers/p/21454495001_EA", "Sub Category": null, "English Name": "Red Thai Hot Peppers", "Size": "75 g", "Size Label": "ea"}, {"Category": "Filipino Foods", "Aisle": "International Foods", "Sku": "21454049001_EA", "Regular Price": "None", "Sale Price": "4.50", "Image": "https://assets.shop.loblaws.ca/products/21454049001/b1/en/front/21454049001_front_a01_@2.png", "Brand": "President's Choice", "Url": "https://www.maxi.ca/green-thai-hot-peppers/p/21454049001_EA", "Sub Category": null, "English Name": "Green Thai Hot Peppers", "Size": "75 g", "Size Label": "ea"}, {"Category": "Filipino Foods", "Aisle": "International Foods", "Sku": "20416342_EA", "Regular Price": "None", "Sale Price": "5.99", "Image": "https://assets.shop.loblaws.ca/products/20416342/b1/en/front/20416342_front_a01_@2.png", "Brand": "Palm", "Url": "https://www.maxi.ca/corned-beef/p/20416342_EA", "Sub Category": null, "English Name": "Corned Beef", "Size": "326 g", "Size Label": "ea"}, {"Category": "Filipino Foods", "Aisle": "International Foods", "Sku": "20081390001_EA", "Regular Price": "None", "Sale Price": "4.88", "Image": "https://assets.shop.loblaws.ca/products/20081390001/b1/en/front/20081390001_front_a01_@2.png", "Brand": "Sunkist", "Url": "https://www.maxi.ca/red-pummelos/p/20081390001_EA", "Sub Category": null, "English Name": "Red Pummelos", "Size": "1 ea", "Size Label": "ea"}, {"Category": "Filipino Foods", "Aisle": "International Foods", "Sku": "20119071_KG", "Regular Price": "None", "Sale Price": "8.80", "Image": "https://assets.shop.loblaws.ca/products/20119071/b1/en/front/20119071_front_a01_@2.png", "Brand": null, "Url": "https://www.maxi.ca/milkfish-frozen/p/20119071_KG", "Sub Category": null, "English Name": "Milkfish, Frozen", "Size": "$3.99/1lb $8.80/1kg", "Size Label": "ea"}, {"Category": "Kosher Foods", "Aisle": "International Foods", "Sku": "20829434_KG", "Regular Price": "None", "Sale Price": "15.58", "Image": "https://assets.shop.loblaws.ca/products/20829434/b1/en/front/20829434_front_a01_@2.png", "Brand": "Marvid Poultry", "Url": "https://www.maxi.ca/kosher-whole-cut-up-chicken/p/20829434_KG", "Sub Category": null, "English Name": "Kosher Whole Cut Up Chicken", "Size": "$4.53/1lb $9.99/1kg", "Size Label": "ea"}, {"Category": "Kosher Foods", "Aisle": "International Foods", "Sku": "20051779_KG", "Regular Price": "None", "Sale Price": "11.79", "Image": "https://assets.shop.loblaws.ca/products/20051779/b1/en/front/20051779_front_a01_@2.png", "Brand": "Marvid Poultry", "Url": "https://www.maxi.ca/kosher-chicken-scaloppini/p/20051779_KG", "Sub Category": null, "English Name": "Kosher Chicken Scaloppini", "Size": "$10.99/1lb $24.23/1kg", "Size Label": "ea"}, {"Category": "Kosher Foods", "Aisle": "International Foods", "Sku": "20160624_KG", "Regular Price": "None", "Sale Price": "14.01", "Image": "https://assets.shop.loblaws.ca/products/20160624/b1/en/front/20160624_front_a01_@2.png", "Brand": "Marvid Poultry", "Url": "https://www.maxi.ca/kosher-ground-chicken-dark-meat/p/20160624_KG", "Sub Category": null, "English Name": "Kosher Ground Chicken, Dark Meat", "Size": "$22.69/1kg $10.29/1lb", "Size Label": "ea"}, {"Category": "Kosher Foods", "Aisle": "International Foods", "Sku": "20147949_KG", "Regular Price": "None", "Sale Price": "15.30", "Image": "https://assets.shop.loblaws.ca/products/20147949/b1/en/front/20147949_front_a01_@2.png", "Brand": "Marvid Poultry", "Url": "https://www.maxi.ca/kosher-whole-chicken-cut-4-pieces/p/20147949_KG", "Sub Category": null, "English Name": "Kosher Whole Chicken, Cut (4 Pieces)", "Size": "$4.79/1lb $10.56/1kg", "Size Label": "ea"}, {"Category": "Kosher Foods", "Aisle": "International Foods", "Sku": "20130770_KG", "Regular Price": "None", "Sale Price": "15.52", "Image": "https://assets.shop.loblaws.ca/products/20130770/b1/en/front/20130770_front_a01_@2.png", "Brand": null, "Url": "https://www.maxi.ca/kosher-chicken-breast-bone-in-club-pack/p/20130770_KG", "Sub Category": null, "English Name": "Kosher Chicken Breast Bone In, Club Pack", "Size": "$11.66/1kg $5.29/1lb", "Size Label": "ea"}, {"Category": "Kosher Foods", "Aisle": "International Foods", "Sku": "20145178_KG", "Regular Price": "None", "Sale Price": "6.30", "Image": "https://assets.shop.loblaws.ca/products/20145178/b1/en/front/20145178_front_a01_@2.png", "Brand": "Marvid Poultry", "Url": "https://www.maxi.ca/kosher-chicken-drumstick/p/20145178_KG", "Sub Category": null, "English Name": "Kosher Chicken Drumstick", "Size": "$11.00/1kg $4.99/1lb", "Size Label": "ea"}, {"Category": "Kosher Foods", "Aisle": "International Foods", "Sku": "20126303_KG", "Regular Price": "None", "Sale Price": "11.54", "Image": "https://assets.shop.loblaws.ca/products/20126303/b1/en/front/20126303_front_a01_@2.png", "Brand": null, "Url": "https://www.maxi.ca/kosher-chicken-thighs/p/20126303_KG", "Sub Category": null, "English Name": "Kosher Chicken Thighs", "Size": "$11.66/1kg $5.29/1lb", "Size Label": "ea"}, {"Category": "Kosher Foods", "Aisle": "International Foods", "Sku": "20697397_KG", "Regular Price": "None", "Sale Price": "13.87", "Image": "https://assets.shop.loblaws.ca/products/20697397/b1/en/front/20697397_front_a01_@2.png", "Brand": "Marvid Poultry", "Url": "https://www.maxi.ca/kosher-ground-chicken-dark-meat/p/20697397_KG", "Sub Category": null, "English Name": "Kosher Ground Chicken, Dark Meat", "Size": "$22.02/1kg $9.99/1lb", "Size Label": "ea"}, {"Category": "Kosher Foods", "Aisle": "International Foods", "Sku": "21018252_KG", "Regular Price": "None", "Sale Price": "17.58", "Image": "https://assets.shop.loblaws.ca/products/21018252/b1/en/front/21018252_front_a01_@2.png", "Brand": "Marvid Poultry", "Url": "https://www.maxi.ca/kosher-cut-up-chicken-four-herbs/p/21018252_KG", "Sub Category": null, "English Name": "Kosher Cut Up Chicken Four Herbs", "Size": "$12.10/1kg $5.49/1lb", "Size Label": "ea"}, {"Category": "Kosher Foods", "Aisle": "International Foods", "Sku": "20062499_KG", "Regular Price": "None", "Sale Price": "10.11", "Image": "https://assets.shop.loblaws.ca/products/20062499/b1/en/front/20062499_front_a01_@2.png", "Brand": null, "Url": "https://www.maxi.ca/kosher-chicken-wings/p/20062499_KG", "Sub Category": null, "English Name": "Kosher Chicken Wings", "Size": "$3.99/1lb $8.79/1kg", "Size Label": "ea"}, {"Category": "Kosher Foods", "Aisle": "International Foods", "Sku": "21018258_KG", "Regular Price": "None", "Sale Price": "9.88", "Image": "https://assets.shop.loblaws.ca/products/21018258/b1/en/front/21018258_front_a01_@2.png", "Brand": "Marvid Poultry", "Url": "https://www.maxi.ca/kosher-chicken-breast/p/21018258_KG", "Sub Category": null, "English Name": "Kosher Chicken Breast", "Size": "$22.69/1kg $10.29/1lb", "Size Label": "ea"}, {"Category": "Kosher Foods", "Aisle": "International Foods", "Sku": "20009806_KG", "Regular Price": "None", "Sale Price": "12.97", "Image": "https://assets.shop.loblaws.ca/products/20009806/b1/en/front/20009806_front_a01_@2.png", "Brand": null, "Url": "https://www.maxi.ca/kosher-chicken-legs-club-pack/p/20009806_KG", "Sub Category": null, "English Name": "Kosher Chicken Legs, Club Pack", "Size": "$4.49/1lb $9.90/1kg", "Size Label": "ea"}, {"Category": "Kosher Foods", "Aisle": "International Foods", "Sku": "21018251_KG", "Regular Price": "None", "Sale Price": "17.67", "Image": "https://assets.shop.loblaws.ca/products/21018251/b1/en/front/21018251_front_a01_@2.png", "Brand": "Marvid Poultry", "Url": "https://www.maxi.ca/kosher-chicken-breast-cut-bbq/p/21018251_KG", "Sub Category": null, "English Name": "Kosher Chicken Breast Cut BBQ", "Size": "$12.10/1kg $5.49/1lb", "Size Label": "ea"}, {"Category": "Bacon, Sausages & Hot Dogs", "Aisle": "Meat", "Sku": "20152629_EA", "Regular Price": "None", "Sale Price": "7.99", "Image": "https://assets.shop.loblaws.ca/products/20152629/b1/en/front/20152629_front_a01_@2.png", "Brand": "President's Choice", "Url": "https://www.maxi.ca/bacon/p/20152629_EA", "Sub Category": null, "English Name": "Bacon", "Size": "500 g", "Size Label": "ea"}, {"Category": "Bacon, Sausages & Hot Dogs", "Aisle": "Meat", "Sku": "20057892_EA", "Regular Price": "None", "Sale Price": "7.99", "Image": "https://assets.shop.loblaws.ca/products/20057892/b1/en/front/20057892_front_a01_@2.png", "Brand": "President's Choice", "Url": "https://www.maxi.ca/reduced-salt-bacon/p/20057892_EA", "Sub Category": null, "English Name": "Reduced Salt Bacon  ", "Size": "500 g", "Size Label": "ea"}, {"Category": "Bacon, Sausages & Hot Dogs", "Aisle": "Meat", "Sku": "20732535_EA", "Regular Price": "None", "Sale Price": "14.49", "Image": "https://assets.shop.loblaws.ca/products/20732535/b1/en/front/20732535_front_a01_@2.png", "Brand": "President's Choice", "Url": "https://www.maxi.ca/cheddar-smokies/p/20732535_EA", "Sub Category": null, "English Name": "Cheddar\u00a0Smokies\u00a0", "Size": "1 kg", "Size Label": "ea"}, {"Category": "Bacon, Sausages & Hot Dogs", "Aisle": "Meat", "Sku": "20177325_EA", "Regular Price": "None", "Sale Price": "5.49", "Image": "https://assets.shop.loblaws.ca/products/20177325/b1/en/front/20177325_front_a01_@2.png", "Brand": "Hygrade", "Url": "https://www.maxi.ca/hygrade-wiener-original-450g/p/20177325_EA", "Sub Category": null, "English Name": "Hygrade Wiener Original 450g", "Size": "450 g", "Size Label": "ea"}, {"Category": "Bacon, Sausages & Hot Dogs", "Aisle": "Meat", "Sku": "20058192_EA", "Regular Price": "None", "Sale Price": "2.00", "Image": "https://assets.shop.loblaws.ca/products/20058192/b1/en/front/20058192_front_a01_@2.png", "Brand": "No Name", "Url": "https://www.maxi.ca/chicken-hot-dogs/p/20058192_EA", "Sub Category": null, "English Name": "Chicken Hot Dogs", "Size": "450 g", "Size Label": "ea"}, {"Category": "Bacon, Sausages & Hot Dogs", "Aisle": "Meat", "Sku": "20119782_EA", "Regular Price": "None", "Sale Price": "5.99", "Image": "https://assets.shop.loblaws.ca/products/20119782/b1/en/front/20119782_front_a01_@2.png", "Brand": "President's Choice", "Url": "https://www.maxi.ca/free-from-mild-italian-pork-sausages/p/20119782_EA", "Sub Category": null, "English Name": "Free From Mild Italian Pork Sausages", "Size": "500 g", "Size Label": "ea"}, {"Category": "Bacon, Sausages & Hot Dogs", "Aisle": "Meat", "Sku": "20138827_EA", "Regular Price": "None", "Sale Price": "3.49", "Image": "https://assets.shop.loblaws.ca/products/20138827/b1/en/front/20138827_front_a01_@2.png", "Brand": "Fletchers", "Url": "https://www.maxi.ca/smokehouse-bacon/p/20138827_EA", "Sub Category": null, "English Name": "Smokehouse Bacon", "Size": "500 g", "Size Label": "ea"}, {"Category": "Bacon, Sausages & Hot Dogs", "Aisle": "Meat", "Sku": "20002786_EA", "Regular Price": "None", "Sale Price": "3.00", "Image": "https://assets.shop.loblaws.ca/products/20002786/b1/en/front/20002786_front_a01_@2.png", "Brand": "No Name", "Url": "https://www.maxi.ca/original-hot-dogs/p/20002786_EA", "Sub Category": null, "English Name": "Original Hot Dogs", "Size": "450 g", "Size Label": "ea"}, {"Category": "Bacon, Sausages & Hot Dogs", "Aisle": "Meat", "Sku": "20733617_EA", "Regular Price": "None", "Sale Price": "14.49", "Image": "https://assets.shop.loblaws.ca/products/20733617/b1/en/front/20733617_front_a01_@2.png", "Brand": "President's Choice", "Url": "https://www.maxi.ca/original-smokies/p/20733617_EA", "Sub Category": null, "English Name": "Original Smokies", "Size": "1 kg", "Size Label": "ea"}, {"Category": "Bacon, Sausages & Hot Dogs", "Aisle": "Meat", "Sku": "20156771_EA", "Regular Price": "None", "Sale Price": "7.00", "Image": "https://assets.shop.loblaws.ca/products/20156771/b1/en/front/20156771_front_a01_@2.png", "Brand": "No Name", "Url": "https://www.maxi.ca/mild-sugar-cured-bacon/p/20156771_EA", "Sub Category": null, "English Name": "Mild Sugar-Cured Bacon", "Size": "500 g", "Size Label": "ea"}, {"Category": "Bacon, Sausages & Hot Dogs", "Aisle": "Meat", "Sku": "20062715_EA", "Regular Price": "None", "Sale Price": "3.49", "Image": "https://assets.shop.loblaws.ca/products/20062715/b1/en/front/20062715_front_a01_@2.png", "Brand": "Maple Lodge Farms LT", "Url": "https://www.maxi.ca/chicken-wiener/p/20062715_EA", "Sub Category": null, "English Name": "Chicken Wiener", "Size": "450 g", "Size Label": "ea"}, {"Category": "Bacon, Sausages & Hot Dogs", "Aisle": "Meat", "Sku": "20720612_EA", "Regular Price": "None", "Sale Price": "6.99", "Image": "https://assets.shop.loblaws.ca/products/20720612/b1/en/front/20720612_front_a01_@2.png", "Brand": "President's Choice", "Url": "https://www.maxi.ca/free-from-original-breakfast-pork-sausages/p/20720612_EA", "Sub Category": null, "English Name": "Free From Original Breakfast Pork Sausages", "Size": "375 g", "Size Label": "ea"}, {"Category": "Bacon, Sausages & Hot Dogs", "Aisle": "Meat", "Sku": "20519917_EA", "Regular Price": "None", "Sale Price": "5.99", "Image": "https://assets.shop.loblaws.ca/products/20519917/b1/en/front/20519917_front_a01_@2.png", "Brand": "President's Choice", "Url": "https://www.maxi.ca/free-from-honey-garlic-flavoured-pork-sausages/p/20519917_EA", "Sub Category": null, "English Name": "Free From Honey Garlic Flavoured Pork Sausages ", "Size": "500 g", "Size Label": "ea"}, {"Category": "Bacon, Sausages & Hot Dogs", "Aisle": "Meat", "Sku": "21048165_EA", "Regular Price": "None", "Sale Price": "7.49", "Image": "https://assets.shop.loblaws.ca/products/21048165/b1/en/front/21048165_front_a01_@2.png", "Brand": "President's Choice", "Url": "https://www.maxi.ca/free-from-bacon-naturally-smoked/p/21048165_EA", "Sub Category": null, "English Name": "Free From Bacon Naturally Smoked", "Size": "0.375 kg", "Size Label": "ea"}, {"Category": "Bacon, Sausages & Hot Dogs", "Aisle": "Meat", "Sku": "20105611_EA", "Regular Price": "None", "Sale Price": "9.49", "Image": "https://assets.shop.loblaws.ca/products/20105611/b1/en/front/20105611_front_a01_@2.png", "Brand": "Schneider", "Url": "https://www.maxi.ca/juicy-jumbos-original-hot-dogs/p/20105611_EA", "Sub Category": null, "English Name": "Juicy Jumbos Original Hot Dogs", "Size": "450 g", "Size Label": "ea"}, {"Category": "Bacon, Sausages & Hot Dogs", "Aisle": "Meat", "Sku": "20174909_EA", "Regular Price": "None", "Sale Price": "7.00", "Image": "https://assets.shop.loblaws.ca/products/20174909/b1/en/front/20174909_front_a01_@2.png", "Brand": "No Name", "Url": "https://www.maxi.ca/bacon-mild-sugar-cured-with-reduced-salt-uncooked/p/20174909_EA", "Sub Category": null, "English Name": "Bacon, Mild Sugar Cured with Reduced Salt, Uncooked", "Size": "500 g", "Size Label": "ea"}, {"Category": "Bacon, Sausages & Hot Dogs", "Aisle": "Meat", "Sku": "20521370_EA", "Regular Price": "None", "Sale Price": "6.99", "Image": "https://assets.shop.loblaws.ca/products/20521370/b1/en/front/20521370_front_a01_@2.png", "Brand": "President's Choice", "Url": "https://www.maxi.ca/free-from-maple-breakfast-pork-sausages/p/20521370_EA", "Sub Category": null, "English Name": "Free From Maple Breakfast Pork Sausages", "Size": "375 g", "Size Label": "ea"}, {"Category": "Bacon, Sausages & Hot Dogs", "Aisle": "Meat", "Sku": "20562167_EA", "Regular Price": "None", "Sale Price": "5.99", "Image": "https://assets.shop.loblaws.ca/products/20562167/b1/en/front/20562167_front_a01_@2.png", "Brand": "President's Choice", "Url": "https://www.maxi.ca/free-from-hot-italian-pork-sausages/p/20562167_EA", "Sub Category": null, "English Name": "Free From Hot Italian Pork Sausages", "Size": "500 g", "Size Label": "ea"}, {"Category": "Bacon, Sausages & Hot Dogs", "Aisle": "Meat", "Sku": "20099204_EA", "Regular Price": "None", "Sale Price": "6.49", "Image": "https://assets.shop.loblaws.ca/products/20099204/b1/en/front/20099204_front_a01_@2.png", "Brand": "Maple Lodge Farms LT", "Url": "https://www.maxi.ca/chicken-bacon-style/p/20099204_EA", "Sub Category": null, "English Name": "Chicken Bacon-Style", "Size": "375 g", "Size Label": "ea"}, {"Category": "Bacon, Sausages & Hot Dogs", "Aisle": "Meat", "Sku": "20744442_EA", "Regular Price": "None", "Sale Price": "5.99", "Image": "https://assets.shop.loblaws.ca/products/20744442/b1/en/front/20744442_front_a01_@2.png", "Brand": "President's Choice", "Url": "https://www.maxi.ca/free-from-bangers-pork-sausages/p/20744442_EA", "Sub Category": null, "English Name": "Free From Bangers Pork Sausages", "Size": "500 g", "Size Label": "ea"}, {"Category": "Bacon, Sausages & Hot Dogs", "Aisle": "Meat", "Sku": "21283665_EA", "Regular Price": "None", "Sale Price": "5.99", "Image": "https://assets.shop.loblaws.ca/products/21283665/b1/en/front/21283665_front_a01_@2.png", "Brand": "President's Choice", "Url": "https://www.maxi.ca/free-from-chorizo-pork-sausages/p/21283665_EA", "Sub Category": null, "English Name": "Free From Chorizo Pork Sausages", "Size": "500 g", "Size Label": "ea"}, {"Category": "Bacon, Sausages & Hot Dogs", "Aisle": "Meat", "Sku": "20096883_EA", "Regular Price": "None", "Sale Price": "5.00", "Image": "https://assets.shop.loblaws.ca/products/20096883/b1/en/front/20096883_front_a01_@2.png", "Brand": "No Name", "Url": "https://www.maxi.ca/all-beef-wieners/p/20096883_EA", "Sub Category": null, "English Name": "All-Beef Wieners", "Size": "450 g", "Size Label": "ea"}, {"Category": "Bacon, Sausages & Hot Dogs", "Aisle": "Meat", "Sku": "20655298_EA", "Regular Price": "None", "Sale Price": "5.49", "Image": "https://assets.shop.loblaws.ca/products/20655298/b1/en/front/20655298_front_a01_@2.png", "Brand": "President's Choice", "Url": "https://www.maxi.ca/free-from-wieners/p/20655298_EA", "Sub Category": null, "English Name": "Free From Wieners", "Size": "375 g", "Size Label": "ea"}, {"Category": "Bacon, Sausages & Hot Dogs", "Aisle": "Meat", "Sku": "21366170_EA", "Regular Price": "None", "Sale Price": "8.99", "Image": "https://assets.shop.loblaws.ca/products/21366170/b1/en/front/21366170_front_a01_@2.png", "Brand": "Marcangelo", "Url": "https://www.maxi.ca/marc-angelo-pork-sausages-with-rapini-and-parmigia/p/21366170_EA", "Sub Category": null, "English Name": "Marc Angelo Pork Sausages with Rapini and Parmigiano Reggiano Cheese 675 g", "Size": "675 g", "Size Label": "ea"}, {"Category": "Bacon, Sausages & Hot Dogs", "Aisle": "Meat", "Sku": "21104147_EA", "Regular Price": "None", "Sale Price": "6.99", "Image": "https://assets.shop.loblaws.ca/products/21104147/b1/en/front/21104147_front_a01_@2.png", "Brand": "Dalisa", "Url": "https://www.maxi.ca/uncooked-preserved-sausages-mild-italian-375-g/p/21104147_EA", "Sub Category": null, "English Name": "Uncooked Preserved Sausages Mild Italian 375 g", "Size": "375 g", "Size Label": "ea"}, {"Category": "Bacon, Sausages & Hot Dogs", "Aisle": "Meat", "Sku": "20878420_KG", "Regular Price": "None", "Sale Price": "6.34", "Image": "https://assets.shop.loblaws.ca/products/20878420/b1/en/front/20878420_front_a01_@2.png", "Brand": "Paysan", "Url": "https://www.maxi.ca/blood-pudding-sliced/p/20878420_KG", "Sub Category": null, "English Name": "Blood Pudding, Sliced", "Size": "$16.51/1kg $7.49/1lb", "Size Label": "ea"}, {"Category": "Bacon, Sausages & Hot Dogs", "Aisle": "Meat", "Sku": "21031686_EA", "Regular Price": "None", "Sale Price": "6.99", "Image": "https://assets.shop.loblaws.ca/products/21031686/b1/en/front/21031686_front_a01_@2.png", "Brand": "Dalisa", "Url": "https://www.maxi.ca/hot-italian-pork-sausages/p/21031686_EA", "Sub Category": null, "English Name": "Hot Italian Pork Sausages", "Size": "450 g", "Size Label": "ea"}, {"Category": "Bacon, Sausages & Hot Dogs", "Aisle": "Meat", "Sku": "20893448_EA", "Regular Price": "None", "Sale Price": "5.99", "Image": "https://assets.shop.loblaws.ca/products/20893448/b1/en/front/20893448_front_a01_@2.png", "Brand": "La Fernandiere", "Url": "https://www.maxi.ca/sausage-apple-cheddar/p/20893448_EA", "Sub Category": null, "English Name": "Sausage Apple & Cheddar", "Size": "375 g", "Size Label": "ea"}, {"Category": "Bacon, Sausages & Hot Dogs", "Aisle": "Meat", "Sku": "20796843_EA", "Regular Price": "None", "Sale Price": "5.99", "Image": "https://assets.shop.loblaws.ca/products/20796843/b1/en/front/20796843_front_a01_@2.png", "Brand": "La Fernandiere", "Url": "https://www.maxi.ca/sausage-bacon-cheddar/p/20796843_EA", "Sub Category": null, "English Name": "Sausage, Bacon & Cheddar", "Size": "375 g", "Size Label": "ea"}, {"Category": "Bacon, Sausages & Hot Dogs", "Aisle": "Meat", "Sku": "20187928_EA", "Regular Price": "None", "Sale Price": "5.99", "Image": "https://assets.shop.loblaws.ca/products/20187928/b1/en/front/20187928_front_a01_@2.png", "Brand": "Lafleur", "Url": "https://www.maxi.ca/wieners-bbq-style/p/20187928_EA", "Sub Category": null, "English Name": "Wieners, BBQ Style", "Size": "450 g", "Size Label": "ea"}, {"Category": "Bacon, Sausages & Hot Dogs", "Aisle": "Meat", "Sku": "21494335_EA", "Regular Price": "None", "Sale Price": "3.99", "Image": "https://assets.shop.loblaws.ca/products/21494335/b1/en/front/21494335_front_a01_@2.png", "Brand": "Lesters", "Url": "https://www.maxi.ca/hot-dog-wieners-bbq/p/21494335_EA", "Sub Category": null, "English Name": "Hot Dog Wieners Bbq", "Size": "450 g", "Size Label": "ea"}, {"Category": "Bacon, Sausages & Hot Dogs", "Aisle": "Meat", "Sku": "21218890_EA", "Regular Price": "None", "Sale Price": "11.99", "Image": "https://assets.shop.loblaws.ca/products/21218890/b1/en/front/21218890_front_a01_@2.png", "Brand": "Royal", "Url": "https://www.maxi.ca/pork-and-beef-breakfast-sausages-club-size/p/21218890_EA", "Sub Category": null, "English Name": "Pork and Beef Breakfast Sausages Club Size", "Size": "750 g", "Size Label": "ea"}, {"Category": "Bacon, Sausages & Hot Dogs", "Aisle": "Meat", "Sku": "20087615_EA", "Regular Price": "None", "Sale Price": "5.99", "Image": "https://assets.shop.loblaws.ca/products/20087615/b1/en/front/20087615_front_a01_@2.png", "Brand": "La Fernandiere", "Url": "https://www.maxi.ca/sausage-merguez/p/20087615_EA", "Sub Category": null, "English Name": "Sausage Merguez", "Size": "375 g", "Size Label": "ea"}, {"Category": "Bacon, Sausages & Hot Dogs", "Aisle": "Meat", "Sku": "21464925_EA", "Regular Price": "6.59", "Sale Price": "5.99", "Image": "https://assets.shop.loblaws.ca/products/21464925/b1/en/front/21464925_front_a01_@2.png", "Brand": "Les Gars De Saucisse", "Url": "https://www.maxi.ca/smoke-house-4-sausages/p/21464925_EA", "Sub Category": null, "English Name": "Smoke House 4 Sausages", "Size": "325 g", "Size Label": "ea"}, {"Category": "Bacon, Sausages & Hot Dogs", "Aisle": "Meat", "Sku": "20956397_EA", "Regular Price": "None", "Sale Price": "5.99", "Image": "https://assets.shop.loblaws.ca/products/20956397/b1/en/front/20956397_front_a01_@2.png", "Brand": "Lafleur", "Url": "https://www.maxi.ca/wieners-skin-on/p/20956397_EA", "Sub Category": null, "English Name": "Wieners, Skin On", "Size": "375 g", "Size Label": "ea"}, {"Category": "Bacon, Sausages & Hot Dogs", "Aisle": "Meat", "Sku": "21032469_EA", "Regular Price": "None", "Sale Price": "6.99", "Image": "https://assets.shop.loblaws.ca/products/21032469/b1/en/front/21032469_front_a01_@2.png", "Brand": "Dalisa", "Url": "https://www.maxi.ca/chorizo-pork-sausages/p/21032469_EA", "Sub Category": null, "English Name": "Chorizo Pork Sausages", "Size": "450 g", "Size Label": "ea"}, {"Category": "Bacon, Sausages & Hot Dogs", "Aisle": "Meat", "Sku": "21494325_EA", "Regular Price": "None", "Sale Price": "3.99", "Image": "https://assets.shop.loblaws.ca/products/21494325/b1/en/front/21494325_front_a01_@2.png", "Brand": "Lesters", "Url": "https://www.maxi.ca/wieners-hot-dog-jumbo/p/21494325_EA", "Sub Category": null, "English Name": "Wieners Hot Dog Jumbo", "Size": "450 g", "Size Label": "ea"}, {"Category": "Bacon, Sausages & Hot Dogs", "Aisle": "Meat", "Sku": "21218877_EA", "Regular Price": "None", "Sale Price": "10.00", "Image": "https://assets.shop.loblaws.ca/products/21218877/b1/en/front/21218877_front_a01_@2.png", "Brand": "Royal", "Url": "https://www.maxi.ca/hot-italian-pork-sausages-club-size/p/21218877_EA", "Sub Category": null, "English Name": "Hot Italian Pork Sausages Club Size", "Size": "1.2 kg", "Size Label": "ea"}, {"Category": "Bacon, Sausages & Hot Dogs", "Aisle": "Meat", "Sku": "21290154_EA", "Regular Price": "None", "Sale Price": "5.99", "Image": "https://assets.shop.loblaws.ca/products/21290154/b1/en/front/21290154_front_a01_@2.png", "Brand": "Johnsonville", "Url": "https://www.maxi.ca/fully-cooked-maple-breakfast-sausages/p/21290154_EA", "Sub Category": null, "English Name": "Fully Cooked Maple Breakfast Sausages", "Size": "250 g", "Size Label": "ea"}, {"Category": "Bacon, Sausages & Hot Dogs", "Aisle": "Meat", "Sku": "20285088_EA", "Regular Price": "None", "Sale Price": "7.49", "Image": "https://assets.shop.loblaws.ca/products/20285088/b1/en/front/20285088_front_a01_@2.png", "Brand": null, "Url": "https://www.maxi.ca/double-smoked-back-bacon/p/20285088_EA", "Sub Category": null, "English Name": "Double Smoked Back Bacon", "Size": "375 g", "Size Label": "ea"}, {"Category": "Bacon, Sausages & Hot Dogs", "Aisle": "Meat", "Sku": "21289731_EA", "Regular Price": "None", "Sale Price": "8.99", "Image": "https://assets.shop.loblaws.ca/products/21289731/b1/en/front/21289731_front_a01_@2.png", "Brand": "Marcangelo", "Url": "https://www.maxi.ca/sweet-italian-jumbo-sausage/p/21289731_EA", "Sub Category": null, "English Name": "Sweet Italian Jumbo Sausage", "Size": "675 g", "Size Label": "ea"}, {"Category": "Bacon, Sausages & Hot Dogs", "Aisle": "Meat", "Sku": "21220674_EA", "Regular Price": "None", "Sale Price": "5.99", "Image": "https://assets.shop.loblaws.ca/products/21220674/b1/en/front/21220674_front_a01_@2.png", "Brand": "Beyond Meat", "Url": "https://www.maxi.ca/beyond-beef-grounds/p/21220674_EA", "Sub Category": null, "English Name": "Beyond Beef Grounds", "Size": "340 g", "Size Label": "ea"}, {"Category": "Bacon, Sausages & Hot Dogs", "Aisle": "Meat", "Sku": "21382529_EA", "Regular Price": "None", "Sale Price": "6.99", "Image": "https://assets.shop.loblaws.ca/products/21382529/b1/en/front/21382529_front_a01_@2.png", "Brand": "Dalisa", "Url": "https://www.maxi.ca/uncooked-preserved-sausages-hot-italian-375-g/p/21382529_EA", "Sub Category": null, "English Name": "Uncooked Preserved Sausages Hot Italian 375 g", "Size": "375 g", "Size Label": "ea"}, {"Category": "Bacon, Sausages & Hot Dogs", "Aisle": "Meat", "Sku": "20800002_EA", "Regular Price": "None", "Sale Price": "5.99", "Image": "https://assets.shop.loblaws.ca/products/20800002/b1/en/front/20800002_front_a01_@2.png", "Brand": "Roma", "Url": "https://www.maxi.ca/burger/p/20800002_EA", "Sub Category": null, "English Name": "Burger      ", "Size": "440 g", "Size Label": "ea"}, {"Category": "Bacon, Sausages & Hot Dogs", "Aisle": "Meat", "Sku": "21435999_EA", "Regular Price": "None", "Sale Price": "8.99", "Image": "https://assets.shop.loblaws.ca/products/21435999/b1/en/front/21435999_front_a01_@2.png", "Brand": "Roma", "Url": "https://www.maxi.ca/mild-italian-sausage/p/21435999_EA", "Sub Category": null, "English Name": "Mild Italian Sausage", "Size": "450 g", "Size Label": "ea"}, {"Category": "Bacon, Sausages & Hot Dogs", "Aisle": "Meat", "Sku": "21414691_EA", "Regular Price": "None", "Sale Price": "6.00", "Image": "https://assets.shop.loblaws.ca/products/21414691/b1/en/front/21414691_front_a01_@2.png", "Brand": "No Name", "Url": "https://www.maxi.ca/hot-dogs-chicken-club-pack/p/21414691_EA", "Sub Category": null, "English Name": "Hot Dogs Chicken Club Pack", "Size": "1.5 kg", "Size Label": "ea"}, {"Category": "Bacon, Sausages & Hot Dogs", "Aisle": "Meat", "Sku": "21219874_EA", "Regular Price": "None", "Sale Price": "9.99", "Image": "https://assets.shop.loblaws.ca/products/21219874/b1/en/front/21219874_front_a01_@2.png", "Brand": "La Fernandiere", "Url": "https://www.maxi.ca/chicken-wings-pork-ribs-flavour-combo-sausage/p/21219874_EA", "Sub Category": null, "English Name": "Chicken Wings Pork Ribs Flavour Combo Sausage", "Size": "675 g", "Size Label": "ea"}, {"Category": "Bacon, Sausages & Hot Dogs", "Aisle": "Meat", "Sku": "21418572_EA", "Regular Price": "None", "Sale Price": "16.99", "Image": "https://assets.shop.loblaws.ca/products/21418572/b1/en/front/21418572_front_a01_@2.png", "Brand": "Marcangelo", "Url": "https://www.maxi.ca/chicken-gyro-kits-cooked/p/21418572_EA", "Sub Category": null, "English Name": "Chicken gyro kits, cooked", "Size": "788 g", "Size Label": "ea"}, {"Category": "Bacon, Sausages & Hot Dogs", "Aisle": "Meat", "Sku": "21378310_EA", "Regular Price": "None", "Sale Price": "6.99", "Image": "https://assets.shop.loblaws.ca/products/21378310/b1/en/front/21378310_front_a01_@2.png", "Brand": "Maple Lodge Farms LT", "Url": "https://www.maxi.ca/ultimate-mild-chicken-dinner-sausage/p/21378310_EA", "Sub Category": null, "English Name": "Ultimate Mild Chicken Dinner Sausage", "Size": "500 g", "Size Label": "ea"}, {"Category": "Bacon, Sausages & Hot Dogs", "Aisle": "Meat", "Sku": "21539969_EA", "Regular Price": "None", "Sale Price": "6.19", "Image": "https://assets.shop.loblaws.ca/products/21539969/b1/en/front/21539969_front_a01_@2.png", "Brand": "Maple Lodge Farms LT", "Url": "https://www.maxi.ca/ultimate-chicken-breakfast-sausages-maple-flavour/p/21539969_EA", "Sub Category": null, "English Name": "Ultimate Chicken Breakfast Sausages Maple Flavour", "Size": "375 g", "Size Label": "ea"}, {"Category": "Bacon, Sausages & Hot Dogs", "Aisle": "Meat", "Sku": "20672031_EA", "Regular Price": "None", "Sale Price": "6.99", "Image": "https://assets.shop.loblaws.ca/products/20672031/b1/en/front/20672031_front_a01_@2.png", "Brand": "Johnsonville", "Url": "https://www.maxi.ca/smoked-sausage-buffalo-cheese/p/20672031_EA", "Sub Category": null, "English Name": "Smoked Sausage, Buffalo Cheese", "Size": "375 g", "Size Label": "ea"}, {"Category": "Bacon, Sausages & Hot Dogs", "Aisle": "Meat", "Sku": "21464924_EA", "Regular Price": "6.59", "Sale Price": "5.99", "Image": "https://assets.shop.loblaws.ca/products/21464924/b1/en/front/21464924_front_a01_@2.png", "Brand": "Les Gars De Saucisse", "Url": "https://www.maxi.ca/sausages-maple/p/21464924_EA", "Sub Category": null, "English Name": "Sausages Maple", "Size": "325 g", "Size Label": "ea"}, {"Category": "Bacon, Sausages & Hot Dogs", "Aisle": "Meat", "Sku": "21464929_EA", "Regular Price": "6.59", "Sale Price": "5.99", "Image": "https://assets.shop.loblaws.ca/products/21464929/b1/en/front/21464929_front_a01_@2.png", "Brand": "Les Gars De Saucisse", "Url": "https://www.maxi.ca/chicken-sausage-hot-italian/p/21464929_EA", "Sub Category": null, "English Name": "Chicken Sausage, Hot Italian", "Size": "325 g", "Size Label": "ea"}, {"Category": "Bacon, Sausages & Hot Dogs", "Aisle": "Meat", "Sku": "21397700_EA", "Regular Price": "None", "Sale Price": "8.99", "Image": "https://assets.shop.loblaws.ca/products/21397700/b1/en/front/21397700_front_a01_@2.png", "Brand": "President's Choice", "Url": "https://www.maxi.ca/world-of-flavours-greek-meatballs/p/21397700_EA", "Sub Category": null, "English Name": "World of Flavours Greek Meatballs", "Size": "400 g", "Size Label": "ea"}, {"Category": "Bacon, Sausages & Hot Dogs", "Aisle": "Meat", "Sku": "20289264_EA", "Regular Price": "None", "Sale Price": "4.99", "Image": "https://assets.shop.loblaws.ca/products/20289264/b1/en/front/20289264_front_a01_@2.png", "Brand": null, "Url": "https://www.maxi.ca/veal-sausage-fresh/p/20289264_EA", "Sub Category": null, "English Name": "Veal Sausage, Fresh", "Size": "375 g", "Size Label": "ea"}, {"Category": "Bacon, Sausages & Hot Dogs", "Aisle": "Meat", "Sku": "21218842_EA", "Regular Price": "None", "Sale Price": "10.00", "Image": "https://assets.shop.loblaws.ca/products/21218842/b1/en/front/21218842_front_a01_@2.png", "Brand": "Royal", "Url": "https://www.maxi.ca/mild-italian-pork-sausages-club-size/p/21218842_EA", "Sub Category": null, "English Name": "Mild Italian Pork Sausages Club Size", "Size": "1.2 kg", "Size Label": "ea"}, {"Category": "Bacon, Sausages & Hot Dogs", "Aisle": "Meat", "Sku": "20971776_EA", "Regular Price": "None", "Sale Price": "9.99", "Image": "https://assets.shop.loblaws.ca/products/20971776/b1/en/front/20971776_front_a01_@2.png", "Brand": "Lafleur", "Url": "https://www.maxi.ca/pork-beef-maple-sausages/p/20971776_EA", "Sub Category": null, "English Name": "Pork & Beef Maple Sausages", "Size": "675 g", "Size Label": "ea"}, {"Category": "Bacon, Sausages & Hot Dogs", "Aisle": "Meat", "Sku": "20878417_EA", "Regular Price": "None", "Sale Price": "5.99", "Image": "https://assets.shop.loblaws.ca/products/20878417/b1/en/front/20878417_front_a01_@2.png", "Brand": "Johnsonville", "Url": "https://www.maxi.ca/ground-hot-italian-sausage/p/20878417_EA", "Sub Category": null, "English Name": "Ground Hot Italian Sausage", "Size": "375 g", "Size Label": "ea"}, {"Category": "Bacon, Sausages & Hot Dogs", "Aisle": "Meat", "Sku": "21289868_EA", "Regular Price": "None", "Sale Price": "8.99", "Image": "https://assets.shop.loblaws.ca/products/21289868/b1/en/front/21289868_front_a01_@2.png", "Brand": "Marcangelo", "Url": "https://www.maxi.ca/hot-italian-jumbo-sausage/p/21289868_EA", "Sub Category": null, "English Name": "Hot Italian Jumbo Sausage", "Size": "675 g", "Size Label": "ea"}, {"Category": "Bacon, Sausages & Hot Dogs", "Aisle": "Meat", "Sku": "21064934_EA", "Regular Price": "None", "Sale Price": "7.49", "Image": "https://assets.shop.loblaws.ca/products/21064934/b1/en/front/21064934_front_a01_@2.png", "Brand": "Lilydale", "Url": "https://www.maxi.ca/turkey-sausages-mild-italian/p/21064934_EA", "Sub Category": null, "English Name": "Turkey Sausages Mild Italian", "Size": "500 g", "Size Label": "ea"}, {"Category": "Bacon, Sausages & Hot Dogs", "Aisle": "Meat", "Sku": "20599532_EA", "Regular Price": "None", "Sale Price": "11.49", "Image": "https://assets.shop.loblaws.ca/products/20599532/b1/en/front/20599532_front_a01_@2.png", "Brand": "Hygrade", "Url": "https://www.maxi.ca/original-wieners-family-pack/p/20599532_EA", "Sub Category": null, "English Name": "Original Wieners, Family Pack", "Size": "900 g", "Size Label": "ea"}, {"Category": "Bacon, Sausages & Hot Dogs", "Aisle": "Meat", "Sku": "20676887_EA", "Regular Price": "None", "Sale Price": "8.99", "Image": "https://assets.shop.loblaws.ca/products/20676887/b1/en/front/20676887_front_a01_@2.png", "Brand": "Roma", "Url": "https://www.maxi.ca/sausage-mild/p/20676887_EA", "Sub Category": null, "English Name": "Sausage, Mild", "Size": "450 g", "Size Label": "ea"}, {"Category": "Bacon, Sausages & Hot Dogs", "Aisle": "Meat", "Sku": "21218199_EA", "Regular Price": "None", "Sale Price": "11.99", "Image": "https://assets.shop.loblaws.ca/products/21218199/b1/en/front/21218199_front_a01_@2.png", "Brand": "Royal", "Url": "https://www.maxi.ca/pork-breakfast-sausages-club-pack/p/21218199_EA", "Sub Category": null, "English Name": "Pork Breakfast Sausages Club Pack", "Size": "750 g", "Size Label": "ea"}, {"Category": "Bacon, Sausages & Hot Dogs", "Aisle": "Meat", "Sku": "21495636_EA", "Regular Price": "None", "Sale Price": "8.99", "Image": "https://assets.shop.loblaws.ca/products/21495636/b1/en/front/21495636_front_a01_@2.png", "Brand": "La Fernandiere", "Url": "https://www.maxi.ca/seasoned-pork-taco-mix/p/21495636_EA", "Sub Category": null, "English Name": "Seasoned Pork Taco Mix", "Size": "600 g", "Size Label": "ea"}, {"Category": "Bacon, Sausages & Hot Dogs", "Aisle": "Meat", "Sku": "21435985_EA", "Regular Price": "None", "Sale Price": "8.99", "Image": "https://assets.shop.loblaws.ca/products/21435985/b1/en/front/21435985_front_a01_@2.png", "Brand": "Roma", "Url": "https://www.maxi.ca/hot-italian-sausage/p/21435985_EA", "Sub Category": null, "English Name": "Hot Italian Sausage", "Size": "450 g", "Size Label": "ea"}, {"Category": "Bacon, Sausages & Hot Dogs", "Aisle": "Meat", "Sku": "21378346_EA", "Regular Price": "None", "Sale Price": "6.99", "Image": "https://assets.shop.loblaws.ca/products/21378346/b1/en/front/21378346_front_a01_@2.png", "Brand": "Maple Lodge Farms LT", "Url": "https://www.maxi.ca/ultimate-dinner-sausage-hot/p/21378346_EA", "Sub Category": null, "English Name": "Ultimate Dinner Sausage Hot", "Size": "500 g", "Size Label": "ea"}, {"Category": "Bacon, Sausages & Hot Dogs", "Aisle": "Meat", "Sku": "21495633_EA", "Regular Price": "None", "Sale Price": "8.99", "Image": "https://assets.shop.loblaws.ca/products/21495633/b1/en/front/21495633_front_a01_@2.png", "Brand": "La Fernandiere", "Url": "https://www.maxi.ca/seasoned-pork-spaghetti/p/21495633_EA", "Sub Category": null, "English Name": "Seasoned Pork Spaghetti", "Size": "600 g", "Size Label": "ea"}, {"Category": "Bacon, Sausages & Hot Dogs", "Aisle": "Meat", "Sku": "21540299_EA", "Regular Price": "None", "Sale Price": "6.99", "Image": "https://assets.shop.loblaws.ca/products/21540299/b1/en/front/21540299_front_a01_@2.png", "Brand": "Dalisa", "Url": "https://www.maxi.ca/uncooked-preserved-sausages-mexican/p/21540299_EA", "Sub Category": null, "English Name": "Uncooked Preserved Sausages Mexican", "Size": "450 g", "Size Label": "ea"}, {"Category": "Bacon, Sausages & Hot Dogs", "Aisle": "Meat", "Sku": "20604413_EA", "Regular Price": "None", "Sale Price": "4.99", "Image": "https://assets.shop.loblaws.ca/products/20604413/b1/en/front/20604413_front_a01_@2.png", "Brand": "Butterball", "Url": "https://www.maxi.ca/turkey-franks/p/20604413_EA", "Sub Category": null, "English Name": "Turkey Franks", "Size": "450 g", "Size Label": "ea"}, {"Category": "Bacon, Sausages & Hot Dogs", "Aisle": "Meat", "Sku": "21460465_EA", "Regular Price": "None", "Sale Price": "3.99", "Image": "https://assets.shop.loblaws.ca/products/21460465/b1/en/front/21460465_front_a01_@2.png", "Brand": "Marcangelo", "Url": "https://www.maxi.ca/italian-style-pork-sausages-spicy-italian/p/21460465_EA", "Sub Category": null, "English Name": "Italian Style Pork Sausages Spicy Italian ", "Size": "375 g", "Size Label": "ea"}, {"Category": "Bacon, Sausages & Hot Dogs", "Aisle": "Meat", "Sku": "21461068_EA", "Regular Price": "None", "Sale Price": "6.99", "Image": "https://assets.shop.loblaws.ca/products/21461068/b1/en/front/21461068_front_a01_@2.png", "Brand": "Dalisa", "Url": "https://www.maxi.ca/uncooked-preserved-sausages-bratwurst/p/21461068_EA", "Sub Category": null, "English Name": "Uncooked Preserved Sausages Bratwurst ", "Size": "375 g", "Size Label": "ea"}, {"Category": "Bacon, Sausages & Hot Dogs", "Aisle": "Meat", "Sku": "21022047_EA", "Regular Price": "None", "Sale Price": "6.99", "Image": "https://assets.shop.loblaws.ca/products/21022047/b1/en/front/21022047_front_a01_@2.png", "Brand": "Johnsonville", "Url": "https://www.maxi.ca/smoked-sausage-doubled-smoked/p/21022047_EA", "Sub Category": null, "English Name": "Smoked Sausage, Doubled Smoked", "Size": "375 g", "Size Label": "ea"}, {"Category": "Bacon, Sausages & Hot Dogs", "Aisle": "Meat", "Sku": "21383674_EA", "Regular Price": "None", "Sale Price": "5.49", "Image": "https://assets.shop.loblaws.ca/products/21383674/b1/en/front/21383674_front_a01_@2.png", "Brand": "Lafleur", "Url": "https://www.maxi.ca/sausages-pork-maple/p/21383674_EA", "Sub Category": null, "English Name": "Sausages Pork & Maple", "Size": "375 g", "Size Label": "ea"}, {"Category": "Bacon, Sausages & Hot Dogs", "Aisle": "Meat", "Sku": "20765492_EA", "Regular Price": "None", "Sale Price": "5.49", "Image": "https://assets.shop.loblaws.ca/products/20765492/b1/en/front/20765492_front_a01_@2.png", "Brand": "Lafleur", "Url": "https://www.maxi.ca/pork-beef-fresh-sausage/p/20765492_EA", "Sub Category": null, "English Name": "Pork & Beef Fresh Sausage", "Size": "375 g", "Size Label": "ea"}, {"Category": "Bacon, Sausages & Hot Dogs", "Aisle": "Meat", "Sku": "21031692_EA", "Regular Price": "None", "Sale Price": "6.99", "Image": "https://assets.shop.loblaws.ca/products/21031692/b1/en/front/21031692_front_a01_@2.png", "Brand": "Dalisa", "Url": "https://www.maxi.ca/bacon-cheddar-pork-sausages/p/21031692_EA", "Sub Category": null, "English Name": "Bacon Cheddar Pork Sausages", "Size": "450 g", "Size Label": "ea"}, {"Category": "Bacon, Sausages & Hot Dogs", "Aisle": "Meat", "Sku": "21467735_EA", "Regular Price": "6.59", "Sale Price": "5.99", "Image": "https://assets.shop.loblaws.ca/products/21467735/b1/en/front/21467735_front_a01_@2.png", "Brand": "Les Gars De Saucisse", "Url": "https://www.maxi.ca/mild-italian-sausage/p/21467735_EA", "Sub Category": null, "English Name": "Mild Italian sausage", "Size": "325 g", "Size Label": "ea"}, {"Category": "Bacon, Sausages & Hot Dogs", "Aisle": "Meat", "Sku": "21525049_EA", "Regular Price": "None", "Sale Price": "6.99", "Image": "https://assets.shop.loblaws.ca/products/21525049/b1/en/front/21525049_front_a01_@2.png", "Brand": "President's Choice", "Url": "https://www.maxi.ca/classic-street-cart-sausages/p/21525049_EA", "Sub Category": null, "English Name": "Classic Street Cart Sausages\u2122", "Size": "500 g", "Size Label": "ea"}, {"Category": "Bacon, Sausages & Hot Dogs", "Aisle": "Meat", "Sku": "20968891_EA", "Regular Price": "None", "Sale Price": "11.49", "Image": "https://assets.shop.loblaws.ca/products/20968891/b1/en/front/20968891_front_a01_@2.png", "Brand": "Lafleur", "Url": "https://www.maxi.ca/port-beef-sausages/p/20968891_EA", "Sub Category": null, "English Name": "Port & Beef Sausages", "Size": "1 kg", "Size Label": "ea"}, {"Category": "Bacon, Sausages & Hot Dogs", "Aisle": "Meat", "Sku": "21289960_EA", "Regular Price": "None", "Sale Price": "8.99", "Image": "https://assets.shop.loblaws.ca/products/21289960/b1/en/front/21289960_front_a01_@2.png", "Brand": "Marcangelo", "Url": "https://www.maxi.ca/jumbo-sausage/p/21289960_EA", "Sub Category": null, "English Name": "Jumbo Sausage", "Size": "675 g", "Size Label": "ea"}, {"Category": "Bacon, Sausages & Hot Dogs", "Aisle": "Meat", "Sku": "21290136_EA", "Regular Price": "None", "Sale Price": "8.99", "Image": "https://assets.shop.loblaws.ca/products/21290136/b1/en/front/21290136_front_a01_@2.png", "Brand": "Marcangelo", "Url": "https://www.maxi.ca/frozen-twisters-jumbo-sausage/p/21290136_EA", "Sub Category": null, "English Name": "Frozen Twisters Jumbo Sausage", "Size": "500 g", "Size Label": "ea"}, {"Category": "Bacon, Sausages & Hot Dogs", "Aisle": "Meat", "Sku": "20178401_EA", "Regular Price": "None", "Sale Price": "3.99", "Image": "https://assets.shop.loblaws.ca/products/20178401/b1/en/front/20178401_front_a01_@2.png", "Brand": "Lilydale", "Url": "https://www.maxi.ca/daystarters-sausage-turkey/p/20178401_EA", "Sub Category": null, "English Name": "Daystarters Sausage Turkey ", "Size": "375 g", "Size Label": "ea"}, {"Category": "Bacon, Sausages & Hot Dogs", "Aisle": "Meat", "Sku": "20799828_EA", "Regular Price": "None", "Sale Price": "12.00", "Image": "https://assets.shop.loblaws.ca/products/20799828/b1/en/front/20799828_front_a01_@2.png", "Brand": "Marcangelo", "Url": "https://www.maxi.ca/italian-sausages-sweet/p/20799828_EA", "Sub Category": null, "English Name": "Italian Sausages, Sweet", "Size": "1.4 kg", "Size Label": "ea"}, {"Category": "Bacon, Sausages & Hot Dogs", "Aisle": "Meat", "Sku": "21208577_EA", "Regular Price": "None", "Sale Price": "9.99", "Image": "https://assets.shop.loblaws.ca/products/21208577/b1/en/front/21208577_front_a01_@2.png", "Brand": "Lafleur", "Url": "https://www.maxi.ca/pork-beef-sausages-family-pack/p/21208577_EA", "Sub Category": null, "English Name": "Pork & Beef Sausages Family Pack ", "Size": "675 g", "Size Label": "ea"}, {"Category": "Bacon, Sausages & Hot Dogs", "Aisle": "Meat", "Sku": "21189796_KG", "Regular Price": "None", "Sale Price": "14.07", "Image": "https://assets.shop.loblaws.ca/products/21189796/b1/en/front/21189796_front_a01_@2.png", "Brand": null, "Url": "https://www.maxi.ca/mild-italian-pork-sausae/p/21189796_KG", "Sub Category": null, "English Name": "Mild Italian Pork Sausae", "Size": "$11.44/1kg $5.19/1lb", "Size Label": "ea"}, {"Category": "Bacon, Sausages & Hot Dogs", "Aisle": "Meat", "Sku": "21382823_EA", "Regular Price": "None", "Sale Price": "8.99", "Image": "https://assets.shop.loblaws.ca/products/21382823/b1/en/front/21382823_front_a01_@2.png", "Brand": "duBreton", "Url": "https://www.maxi.ca/sausages-toulouse/p/21382823_EA", "Sub Category": null, "English Name": "Sausages Toulouse", "Size": "400 g", "Size Label": "ea"}, {"Category": "Bacon, Sausages & Hot Dogs", "Aisle": "Meat", "Sku": "21418578_EA", "Regular Price": "None", "Sale Price": "16.99", "Image": "https://assets.shop.loblaws.ca/products/21418578/b1/en/front/21418578_front_a01_@2.png", "Brand": "Marcangelo", "Url": "https://www.maxi.ca/pork-gyro-kits-cooked/p/21418578_EA", "Sub Category": null, "English Name": "Pork gyro kits, cooked", "Size": "788 g", "Size Label": "ea"}, {"Category": "Bacon, Sausages & Hot Dogs", "Aisle": "Meat", "Sku": "21382557_EA", "Regular Price": "None", "Sale Price": "9.99", "Image": "https://assets.shop.loblaws.ca/products/21382557/b1/en/front/21382557_front_a01_@2.png", "Brand": "Dalisa", "Url": "https://www.maxi.ca/preserved-sausages-uncooked-combo-600-g/p/21382557_EA", "Sub Category": null, "English Name": "Preserved Sausages Uncooked Combo 600 g", "Size": "600 g", "Size Label": "ea"}, {"Category": "Bacon, Sausages & Hot Dogs", "Aisle": "Meat", "Sku": "20766196_EA", "Regular Price": "None", "Sale Price": "11.49", "Image": "https://assets.shop.loblaws.ca/products/20766196/b1/en/front/20766196_front_a01_@2.png", "Brand": "Dalisa", "Url": "https://www.maxi.ca/pork-sausage-combo/p/20766196_EA", "Sub Category": null, "English Name": "Pork Sausage Combo    ", "Size": "900 g", "Size Label": "ea"}, {"Category": "Bacon, Sausages & Hot Dogs", "Aisle": "Meat", "Sku": "20019240_EA", "Regular Price": "None", "Sale Price": "5.49", "Image": "https://assets.shop.loblaws.ca/products/20019240/b1/en/front/20019240_front_a01_@2.png", "Brand": "Lafleur", "Url": "https://www.maxi.ca/light-pork-and-beef-sausage/p/20019240_EA", "Sub Category": null, "English Name": "Light Pork And Beef Sausage", "Size": "375 g", "Size Label": "ea"}, {"Category": "Bacon, Sausages & Hot Dogs", "Aisle": "Meat", "Sku": "20132866_EA", "Regular Price": "None", "Sale Price": "9.99", "Image": "https://assets.shop.loblaws.ca/products/20132866/b1/en/front/20132866_front_a01_@2.png", "Brand": "Lafleur", "Url": "https://www.maxi.ca/bacon-maple/p/20132866_EA", "Sub Category": null, "English Name": "Bacon, Maple", "Size": "500 g", "Size Label": "ea"}, {"Category": "Bacon, Sausages & Hot Dogs", "Aisle": "Meat", "Sku": "21093592_EA", "Regular Price": "None", "Sale Price": "9.99", "Image": "https://assets.shop.loblaws.ca/products/21093592/b1/en/front/21093592_front_a01_@2.png", "Brand": "Lafleur", "Url": "https://www.maxi.ca/original-party-size-26-wieners/p/21093592_EA", "Sub Category": null, "English Name": "Original Party Size 26 Wieners", "Size": "1 kg", "Size Label": "ea"}, {"Category": "Bacon, Sausages & Hot Dogs", "Aisle": "Meat", "Sku": "21218880_EA", "Regular Price": "None", "Sale Price": "10.00", "Image": "https://assets.shop.loblaws.ca/products/21218880/b1/en/front/21218880_front_a01_@2.png", "Brand": "Royal", "Url": "https://www.maxi.ca/honey-garlic-flavoured-pork-sausages-club-size/p/21218880_EA", "Sub Category": null, "English Name": "Honey Garlic Flavoured Pork Sausages Club Size", "Size": "1.2 kg", "Size Label": "ea"}, {"Category": "Bacon, Sausages & Hot Dogs", "Aisle": "Meat", "Sku": "21290265_EA", "Regular Price": "None", "Sale Price": "5.99", "Image": "https://assets.shop.loblaws.ca/products/21290265/b1/en/front/21290265_front_a01_@2.png", "Brand": "Johnsonville", "Url": "https://www.maxi.ca/fully-cooked-breakfast-sausage/p/21290265_EA", "Sub Category": null, "English Name": "Fully Cooked Breakfast Sausage", "Size": "250 g", "Size Label": "ea"}, {"Category": "Bacon, Sausages & Hot Dogs", "Aisle": "Meat", "Sku": "20750013_EA", "Regular Price": "None", "Sale Price": "9.99", "Image": "https://assets.shop.loblaws.ca/products/20750013/b1/en/front/20750013_front_a01_@2.png", "Brand": "Lafleur", "Url": "https://www.maxi.ca/bacon-original-natural/p/20750013_EA", "Sub Category": null, "English Name": "Bacon, Original Natural", "Size": "375 g", "Size Label": "ea"}, {"Category": "Bacon, Sausages & Hot Dogs", "Aisle": "Meat", "Sku": "21382835_EA", "Regular Price": "None", "Sale Price": "6.99", "Image": "https://assets.shop.loblaws.ca/products/21382835/b1/en/front/21382835_front_a01_@2.png", "Brand": "Dalisa", "Url": "https://www.maxi.ca/uncooked-preserved-sausages-toulouse-375-g/p/21382835_EA", "Sub Category": null, "English Name": "Uncooked Preserved Sausages Toulouse 375 g", "Size": "375 g", "Size Label": "ea"}, {"Category": "Bacon, Sausages & Hot Dogs", "Aisle": "Meat", "Sku": "21525048_EA", "Regular Price": "None", "Sale Price": "6.99", "Image": "https://assets.shop.loblaws.ca/products/21525048/b1/en/front/21525048_front_a01_@2.png", "Brand": "President's Choice", "Url": "https://www.maxi.ca/street-cart-sausages-cheddar-cheese/p/21525048_EA", "Sub Category": null, "English Name": "Street Cart Sausages\u2122 Cheddar Cheese", "Size": "500 g", "Size Label": "ea"}, {"Category": "Bacon, Sausages & Hot Dogs", "Aisle": "Meat", "Sku": "20734142_EA", "Regular Price": "None", "Sale Price": "10.00", "Image": "https://assets.shop.loblaws.ca/products/20734142/b1/en/front/20734142_front_a01_@2.png", "Brand": "No Name", "Url": "https://www.maxi.ca/smoked-sausages-cheese/p/20734142_EA", "Sub Category": null, "English Name": "Smoked Sausages, Cheese", "Size": "900 g", "Size Label": "ea"}, {"Category": "Bacon, Sausages & Hot Dogs", "Aisle": "Meat", "Sku": "20081978_EA", "Regular Price": "None", "Sale Price": "7.00", "Image": "https://assets.shop.loblaws.ca/products/20081978/b1/en/front/20081978_front_a01_@2.png", "Brand": "Lafleur", "Url": "https://www.maxi.ca/regular-bacon-precooked/p/20081978_EA", "Sub Category": null, "English Name": "Regular Bacon, Precooked", "Size": "90 g", "Size Label": "ea"}, {"Category": "Bacon, Sausages & Hot Dogs", "Aisle": "Meat", "Sku": "21109347_EA", "Regular Price": "None", "Sale Price": "7.49", "Image": "https://assets.shop.loblaws.ca/products/21109347/b1/en/front/21109347_front_a01_@2.png", "Brand": "President's Choice", "Url": "https://www.maxi.ca/free-from-maple-flavoured-bacon/p/21109347_EA", "Sub Category": null, "English Name": "Free From Maple Flavoured Bacon", "Size": "375 g", "Size Label": "ea"}, {"Category": "Bacon, Sausages & Hot Dogs", "Aisle": "Meat", "Sku": "21464916_EA", "Regular Price": "6.59", "Sale Price": "5.99", "Image": "https://assets.shop.loblaws.ca/products/21464916/b1/en/front/21464916_front_a01_@2.png", "Brand": "Les Gars De Saucisse", "Url": "https://www.maxi.ca/honey-garlic-4-sausages/p/21464916_EA", "Sub Category": null, "English Name": "Honey Garlic 4 Sausages", "Size": "325 g", "Size Label": "ea"}, {"Category": "Bacon, Sausages & Hot Dogs", "Aisle": "Meat", "Sku": "21386344_EA", "Regular Price": "None", "Sale Price": "6.99", "Image": "https://assets.shop.loblaws.ca/products/21386344/b1/en/front/21386344_front_a01_@2.png", "Brand": "Dalisa", "Url": "https://www.maxi.ca/uncooked-preserved-sausages-mild-italian-375-g/p/21386344_EA", "Sub Category": null, "English Name": "Uncooked Preserved Sausages Mild Italian 375 g", "Size": "375 g", "Size Label": "ea"}, {"Category": "Bacon, Sausages & Hot Dogs", "Aisle": "Meat", "Sku": "20796132_EA", "Regular Price": "None", "Sale Price": "3.99", "Image": "https://assets.shop.loblaws.ca/products/20796132/b1/en/front/20796132_front_a01_@2.png", "Brand": "Lilydale", "Url": "https://www.maxi.ca/sausage-turkey-maple-flavour/p/20796132_EA", "Sub Category": null, "English Name": "Sausage Turkey Maple Flavour", "Size": "375 g", "Size Label": "ea"}, {"Category": "Bacon, Sausages & Hot Dogs", "Aisle": "Meat", "Sku": "20799699_EA", "Regular Price": "None", "Sale Price": "12.00", "Image": "https://assets.shop.loblaws.ca/products/20799699/b1/en/front/20799699_front_a01_@2.png", "Brand": "Marcangelo", "Url": "https://www.maxi.ca/pork-breakfast-patties/p/20799699_EA", "Sub Category": null, "English Name": "Pork Breakfast Patties", "Size": "1.2 kg", "Size Label": "ea"}, {"Category": "Bacon, Sausages & Hot Dogs", "Aisle": "Meat", "Sku": "21064930_EA", "Regular Price": "None", "Sale Price": "7.49", "Image": "https://assets.shop.loblaws.ca/products/21064930/b1/en/front/21064930_front_a01_@2.png", "Brand": "Lilydale", "Url": "https://www.maxi.ca/turkey-sausages-bratwurst/p/21064930_EA", "Sub Category": null, "English Name": "Turkey Sausages Bratwurst", "Size": "500 g", "Size Label": "ea"}, {"Category": "Bacon, Sausages & Hot Dogs", "Aisle": "Meat", "Sku": "21300113_EA", "Regular Price": "None", "Sale Price": "6.99", "Image": "https://assets.shop.loblaws.ca/products/21300113/b1/en/front/21300113_front_a01_@2.png", "Brand": "Beyond Meat", "Url": "https://www.maxi.ca/sausage-mild-italian/p/21300113_EA", "Sub Category": null, "English Name": "Sausage Mild Italian", "Size": "400 g", "Size Label": "ea"}, {"Category": "Bacon, Sausages & Hot Dogs", "Aisle": "Meat", "Sku": "21539970_EA", "Regular Price": "None", "Sale Price": "6.19", "Image": "https://assets.shop.loblaws.ca/products/21539970/b1/en/front/21539970_front_a01_@2.png", "Brand": "Maple Lodge Farms LT", "Url": "https://www.maxi.ca/ultimate-chicken-breakfast-sausages-original/p/21539970_EA", "Sub Category": null, "English Name": "Ultimate Chicken Breakfast Sausages Original", "Size": "375 g", "Size Label": "ea"}, {"Category": "Bacon, Sausages & Hot Dogs", "Aisle": "Meat", "Sku": "21540302_EA", "Regular Price": "None", "Sale Price": "6.99", "Image": "https://assets.shop.loblaws.ca/products/21540302/b1/en/front/21540302_front_a01_@2.png", "Brand": "Dalisa", "Url": "https://www.maxi.ca/uncooked-preserved-sausages-oktoberfest/p/21540302_EA", "Sub Category": null, "English Name": "Uncooked Preserved Sausages Oktoberfest", "Size": "375 g", "Size Label": "ea"}, {"Category": "Bacon, Sausages & Hot Dogs", "Aisle": "Meat", "Sku": "21471285_EA", "Regular Price": "None", "Sale Price": "9.99", "Image": "https://assets.shop.loblaws.ca/products/21471285/b1/en/front/21471285_front_a01_@2.png", "Brand": "Dalisa", "Url": "https://www.maxi.ca/uncooked-preserved-sausages-toulouse-mild-italian/p/21471285_EA", "Sub Category": null, "English Name": "Uncooked Preserved Sausages Toulouse, Mild Italian, Bacon & Cheddar, Hot Italian Combo ", "Size": "600 g", "Size Label": "ea"}, {"Category": "Bacon, Sausages & Hot Dogs", "Aisle": "Meat", "Sku": "21383137_EA", "Regular Price": "None", "Sale Price": "9.99", "Image": "https://assets.shop.loblaws.ca/products/21383137/b1/en/front/21383137_front_a01_@2.png", "Brand": "Dalisa", "Url": "https://www.maxi.ca/uncooked-preserved-sausages-combo-italia-600-g/p/21383137_EA", "Sub Category": null, "English Name": "Uncooked Preserved Sausages Combo Italia 600 g", "Size": "600 g", "Size Label": "ea"}, {"Category": "Bacon, Sausages & Hot Dogs", "Aisle": "Meat", "Sku": "21382541_EA", "Regular Price": "None", "Sale Price": "6.99", "Image": "https://assets.shop.loblaws.ca/products/21382541/b1/en/front/21382541_front_a01_@2.png", "Brand": "Dalisa", "Url": "https://www.maxi.ca/sausages-mild-italian-uncooked-preserved/p/21382541_EA", "Sub Category": null, "English Name": "Sausages Mild Italian Uncooked Preserved", "Size": "450 g", "Size Label": "ea"}, {"Category": "Bacon, Sausages & Hot Dogs", "Aisle": "Meat", "Sku": "20571561_EA", "Regular Price": "None", "Sale Price": "7.99", "Image": "https://assets.shop.loblaws.ca/products/20571561/b1/en/front/20571561_front_a01_@2.png", "Brand": "Johnsonville", "Url": "https://www.maxi.ca/smoked-sausage-polish-style/p/20571561_EA", "Sub Category": null, "English Name": "Smoked Sausage, Polish Style", "Size": "375 g", "Size Label": "ea"}, {"Category": "Bacon, Sausages & Hot Dogs", "Aisle": "Meat", "Sku": "20971823_EA", "Regular Price": "None", "Sale Price": "5.49", "Image": "https://assets.shop.loblaws.ca/products/20971823/b1/en/front/20971823_front_a01_@2.png", "Brand": "Lafleur", "Url": "https://www.maxi.ca/pork-bacon-fresh-sausage/p/20971823_EA", "Sub Category": null, "English Name": "Pork & Bacon Fresh Sausage", "Size": "375 g", "Size Label": "ea"}, {"Category": "Bacon, Sausages & Hot Dogs", "Aisle": "Meat", "Sku": "20011517_EA", "Regular Price": "None", "Sale Price": "9.99", "Image": "https://assets.shop.loblaws.ca/products/20011517/b1/en/front/20011517_front_a01_@2.png", "Brand": "Lafleur", "Url": "https://www.maxi.ca/bacon/p/20011517_EA", "Sub Category": null, "English Name": "Bacon", "Size": "500 g", "Size Label": "ea"}, {"Category": "Bacon, Sausages & Hot Dogs", "Aisle": "Meat", "Sku": "20992304_EA", "Regular Price": "None", "Sale Price": "7.00", "Image": "https://assets.shop.loblaws.ca/products/20992304/b1/en/front/20992304_front_a01_@2.png", "Brand": "Lafleur", "Url": "https://www.maxi.ca/pre-cooked-bacon-thick/p/20992304_EA", "Sub Category": null, "English Name": "Pre Cooked Bacon, Thick", "Size": "90 g", "Size Label": "ea"}, {"Category": "Bacon, Sausages & Hot Dogs", "Aisle": "Meat", "Sku": "21494571_EA", "Regular Price": "None", "Sale Price": "5.99", "Image": "https://assets.shop.loblaws.ca/products/21494571/b1/en/front/21494571_front_a01_@2.png", "Brand": "Lesters", "Url": "https://www.maxi.ca/hot-dog-wieners-jumbo-bbq/p/21494571_EA", "Sub Category": null, "English Name": "Hot Dog Wieners Jumbo Bbq", "Size": "450 g", "Size Label": "ea"}, {"Category": "Bacon, Sausages & Hot Dogs", "Aisle": "Meat", "Sku": "21381990_EA", "Regular Price": "None", "Sale Price": "9.99", "Image": "https://assets.shop.loblaws.ca/products/21381990/b1/en/front/21381990_front_a01_@2.png", "Brand": "La Fernandiere", "Url": "https://www.maxi.ca/combo-sausage-bacon-cheddar-mediterranean/p/21381990_EA", "Sub Category": null, "English Name": "Combo Sausage Bacon & Cheddar Mediterranean", "Size": "675 g", "Size Label": "ea"}, {"Category": "Bacon, Sausages & Hot Dogs", "Aisle": "Meat", "Sku": "20355614_EA", "Regular Price": "None", "Sale Price": "6.99", "Image": "https://assets.shop.loblaws.ca/products/20355614/b1/en/front/20355614_front_a01_@2.png", "Brand": "Johnsonville", "Url": "https://www.maxi.ca/smoked-sausage-cheddar/p/20355614_EA", "Sub Category": null, "English Name": "Smoked Sausage, Cheddar", "Size": "375 g", "Size Label": "ea"}, {"Category": "Bacon, Sausages & Hot Dogs", "Aisle": "Meat", "Sku": "20896795_EA", "Regular Price": "None", "Sale Price": "5.99", "Image": "https://assets.shop.loblaws.ca/products/20896795/b1/en/front/20896795_front_a01_@2.png", "Brand": "La Fernandiere", "Url": "https://www.maxi.ca/sausage-black-pepper-maple-syrup/p/20896795_EA", "Sub Category": null, "English Name": "Sausage Black Pepper & Maple Syrup", "Size": "375 g", "Size Label": "ea"}, {"Category": "Bacon, Sausages & Hot Dogs", "Aisle": "Meat", "Sku": "21389815_EA", "Regular Price": "None", "Sale Price": "12.00", "Image": "https://assets.shop.loblaws.ca/products/21389815/b1/en/front/21389815_front_a01_@2.png", "Brand": "No Name", "Url": "https://www.maxi.ca/extra-thick-cut-bacon/p/21389815_EA", "Sub Category": null, "English Name": "Extra Thick Cut Bacon", "Size": "1 kg", "Size Label": "ea"}, {"Category": "Bacon, Sausages & Hot Dogs", "Aisle": "Meat", "Sku": "21064917_EA", "Regular Price": "None", "Sale Price": "7.49", "Image": "https://assets.shop.loblaws.ca/products/21064917/b1/en/front/21064917_front_a01_@2.png", "Brand": "Lilydale", "Url": "https://www.maxi.ca/turkey-sausages-hot-italian/p/21064917_EA", "Sub Category": null, "English Name": "Turkey Sausages Hot Italian", "Size": "500 g", "Size Label": "ea"}, {"Category": "Bacon, Sausages & Hot Dogs", "Aisle": "Meat", "Sku": "20878411_EA", "Regular Price": "None", "Sale Price": "5.99", "Image": "https://assets.shop.loblaws.ca/products/20878411/b1/en/front/20878411_front_a01_@2.png", "Brand": "Johnsonville", "Url": "https://www.maxi.ca/ground-mild-italian-sausage/p/20878411_EA", "Sub Category": null, "English Name": "Ground Mild Italian Sausage", "Size": "375 g", "Size Label": "ea"}, {"Category": "Bacon, Sausages & Hot Dogs", "Aisle": "Meat", "Sku": "21399630_EA", "Regular Price": "None", "Sale Price": "7.99", "Image": "https://assets.shop.loblaws.ca/products/21399630/b1/en/front/21399630_front_a01_@2.png", "Brand": "Beyond Meat", "Url": "https://www.maxi.ca/breakfast-sausage/p/21399630_EA", "Sub Category": null, "English Name": "Breakfast Sausage", "Size": "235 g", "Size Label": "ea"}, {"Category": "Bacon, Sausages & Hot Dogs", "Aisle": "Meat", "Sku": "21460461_EA", "Regular Price": "None", "Sale Price": "3.99", "Image": "https://assets.shop.loblaws.ca/products/21460461/b1/en/front/21460461_front_a01_@2.png", "Brand": "Marcangelo", "Url": "https://www.maxi.ca/italian-style-pork-sausages-sweet-italian/p/21460461_EA", "Sub Category": null, "English Name": "Italian Style Pork Sausages Sweet Italian ", "Size": "375 g", "Size Label": "ea"}, {"Category": "Bacon, Sausages & Hot Dogs", "Aisle": "Meat", "Sku": "21382792_EA", "Regular Price": "None", "Sale Price": "8.99", "Image": "https://assets.shop.loblaws.ca/products/21382792/b1/en/front/21382792_front_a01_@2.png", "Brand": "duBreton", "Url": "https://www.maxi.ca/sausages-mild-italian/p/21382792_EA", "Sub Category": null, "English Name": "Sausages Mild Italian ", "Size": "400 g", "Size Label": "ea"}, {"Category": "Bacon, Sausages & Hot Dogs", "Aisle": "Meat", "Sku": "20904595_EA", "Regular Price": "None", "Sale Price": "5.99", "Image": "https://assets.shop.loblaws.ca/products/20904595/b1/en/front/20904595_front_a01_@2.png", "Brand": "President's Choice", "Url": "https://www.maxi.ca/free-from-bacon-pieces-fully-cooked/p/20904595_EA", "Sub Category": null, "English Name": "Free From Bacon Pieces, Fully Cooked", "Size": "85 g", "Size Label": "ea"}, {"Category": "Bacon, Sausages & Hot Dogs", "Aisle": "Meat", "Sku": "21460469_EA", "Regular Price": "None", "Sale Price": "3.99", "Image": "https://assets.shop.loblaws.ca/products/21460469/b1/en/front/21460469_front_a01_@2.png", "Brand": "Marcangelo", "Url": "https://www.maxi.ca/honey-garlic-flavour-pork-sausages/p/21460469_EA", "Sub Category": null, "English Name": "Honey Garlic Flavour Pork Sausages ", "Size": "375 g", "Size Label": "ea"}, {"Category": "Bacon, Sausages & Hot Dogs", "Aisle": "Meat", "Sku": "20878621_KG", "Regular Price": "None", "Sale Price": "4.47", "Image": "https://assets.shop.loblaws.ca/products/20878621/b1/en/front/20878621_front_a01_@2.png", "Brand": "Paysan", "Url": "https://www.maxi.ca/blood-pudding/p/20878621_KG", "Sub Category": null, "English Name": "Blood Pudding", "Size": "$16.51/1kg $7.49/1lb", "Size Label": "ea"}, {"Category": "Bacon, Sausages & Hot Dogs", "Aisle": "Meat", "Sku": "21540296_EA", "Regular Price": "None", "Sale Price": "6.99", "Image": "https://assets.shop.loblaws.ca/products/21540296/b1/en/front/21540296_front_a01_@2.png", "Brand": "Dalisa", "Url": "https://www.maxi.ca/uncooked-preserved-sausages-bolognese/p/21540296_EA", "Sub Category": null, "English Name": "Uncooked Preserved Sausages Bolognese", "Size": "375 g", "Size Label": "ea"}, {"Category": "Bacon, Sausages & Hot Dogs", "Aisle": "Meat", "Sku": "21189798_KG", "Regular Price": "None", "Sale Price": "14.61", "Image": "https://assets.shop.loblaws.ca/products/21189798/b1/en/front/21189798_front_a01_@2.png", "Brand": null, "Url": "https://www.maxi.ca/hot-italian-pork-sausage/p/21189798_KG", "Sub Category": null, "English Name": "Hot Italian Pork Sausage", "Size": "$5.39/1lb $11.88/1kg", "Size Label": "ea"}, {"Category": "Bacon, Sausages & Hot Dogs", "Aisle": "Meat", "Sku": "21045739_EA", "Regular Price": "None", "Sale Price": "5.99", "Image": "https://assets.shop.loblaws.ca/products/21045739/b1/en/front/21045739_front_a01_@2.png", "Brand": "La Fernandiere", "Url": "https://www.maxi.ca/sausage-hot-italian/p/21045739_EA", "Sub Category": null, "English Name": "Sausage Hot Italian", "Size": "375 g", "Size Label": "ea"}, {"Category": "Bacon, Sausages & Hot Dogs", "Aisle": "Meat", "Sku": "20799825_EA", "Regular Price": "None", "Sale Price": "12.00", "Image": "https://assets.shop.loblaws.ca/products/20799825/b1/en/front/20799825_front_a01_@2.png", "Brand": "Marcangelo", "Url": "https://www.maxi.ca/italian-sausages-hot/p/20799825_EA", "Sub Category": null, "English Name": "Italian Sausages, Hot", "Size": "1.4 kg", "Size Label": "ea"}, {"Category": "Bacon, Sausages & Hot Dogs", "Aisle": "Meat", "Sku": "20355818_EA", "Regular Price": "None", "Sale Price": "6.99", "Image": "https://assets.shop.loblaws.ca/products/20355818/b1/en/front/20355818_front_a01_@2.png", "Brand": "Johnsonville", "Url": "https://www.maxi.ca/smoked-fully-cooked-sausages-pure-pork-smoked-brat/p/20355818_EA", "Sub Category": null, "English Name": "Smoked & Fully Cooked Sausages Pure Pork Smoked Bratwurst", "Size": "375 g", "Size Label": "ea"}, {"Category": "Bacon, Sausages & Hot Dogs", "Aisle": "Meat", "Sku": "20074402_EA", "Regular Price": "None", "Sale Price": "9.99", "Image": "https://assets.shop.loblaws.ca/products/20074402/b1/en/front/20074402_front_a01_@2.png", "Brand": "Lafleur", "Url": "https://www.maxi.ca/smoked-bacon-less-salt/p/20074402_EA", "Sub Category": null, "English Name": "Smoked Bacon, Less Salt", "Size": "500 g", "Size Label": "ea"}, {"Category": "Bacon, Sausages & Hot Dogs", "Aisle": "Meat", "Sku": "21382287_EA", "Regular Price": "None", "Sale Price": "6.99", "Image": "https://assets.shop.loblaws.ca/products/21382287/b1/en/front/21382287_front_a01_@2.png", "Brand": "Dalisa", "Url": "https://www.maxi.ca/uncooked-preserved-sausages-ham-maple-375-g/p/21382287_EA", "Sub Category": null, "English Name": "Uncooked Preserved Sausages Ham & Maple 375 g", "Size": "375 g", "Size Label": "ea"}, {"Category": "Bacon, Sausages & Hot Dogs", "Aisle": "Meat", "Sku": "20765491_EA", "Regular Price": "None", "Sale Price": "5.49", "Image": "https://assets.shop.loblaws.ca/products/20765491/b1/en/front/20765491_front_a01_@2.png", "Brand": "Lafleur", "Url": "https://www.maxi.ca/pure-pork-fresh-sausage/p/20765491_EA", "Sub Category": null, "English Name": "Pure Pork  Fresh Sausage", "Size": "375 g", "Size Label": "ea"}, {"Category": "Bacon, Sausages & Hot Dogs", "Aisle": "Meat", "Sku": "20961816_EA", "Regular Price": "None", "Sale Price": "15.00", "Image": "https://assets.shop.loblaws.ca/products/20961816/b1/en/front/20961816_front_a01_@2.png", "Brand": "No Name", "Url": "https://www.maxi.ca/original-hot-dogs-club-pack/p/20961816_EA", "Sub Category": null, "English Name": "Original Hot Dogs Club Pack", "Size": "1.5 kg", "Size Label": "ea"}, {"Category": "Bacon, Sausages & Hot Dogs", "Aisle": "Meat", "Sku": "20749046_EA", "Regular Price": "None", "Sale Price": "7.00", "Image": "https://assets.shop.loblaws.ca/products/20749046/b1/en/front/20749046_front_a01_@2.png", "Brand": "Lafleur", "Url": "https://www.maxi.ca/bacon-precooked-natural/p/20749046_EA", "Sub Category": null, "English Name": "Bacon, Precooked Natural", "Size": "65 g", "Size Label": "ea"}, {"Category": "Bacon, Sausages & Hot Dogs", "Aisle": "Meat", "Sku": "21397693_EA", "Regular Price": "None", "Sale Price": "8.99", "Image": "https://assets.shop.loblaws.ca/products/21397693/b1/en/front/21397693_front_a01_@2.png", "Brand": "President's Choice", "Url": "https://www.maxi.ca/world-of-flavours-korean-meatballs/p/21397693_EA", "Sub Category": null, "English Name": "World of Flavours Korean Meatballs", "Size": "400 g", "Size Label": "ea"}, {"Category": "Bacon, Sausages & Hot Dogs", "Aisle": "Meat", "Sku": "20671791_EA", "Regular Price": "None", "Sale Price": "6.99", "Image": "https://assets.shop.loblaws.ca/products/20671791/b1/en/front/20671791_front_a01_@2.png", "Brand": "Maple Lodge Farms LT", "Url": "https://www.maxi.ca/ultimate-chicken-wiener/p/20671791_EA", "Sub Category": null, "English Name": "Ultimate Chicken Wiener", "Size": "900 g", "Size Label": "ea"}, {"Category": "Bacon, Sausages & Hot Dogs", "Aisle": "Meat", "Sku": "21464927_EA", "Regular Price": "6.59", "Sale Price": "5.99", "Image": "https://assets.shop.loblaws.ca/products/21464927/b1/en/front/21464927_front_a01_@2.png", "Brand": "Les Gars De Saucisse", "Url": "https://www.maxi.ca/sausages-toulouse/p/21464927_EA", "Sub Category": null, "English Name": "Sausages Toulouse", "Size": "325 g", "Size Label": "ea"}, {"Category": "Bacon, Sausages & Hot Dogs", "Aisle": "Meat", "Sku": "21398221_EA", "Regular Price": "None", "Sale Price": "9.99", "Image": "https://assets.shop.loblaws.ca/products/21398221/b1/en/front/21398221_front_a01_@2.png", "Brand": "President's Choice", "Url": "https://www.maxi.ca/italian-meatballs/p/21398221_EA", "Sub Category": null, "English Name": "Italian Meatballs", "Size": "600 g", "Size Label": "ea"}, {"Category": "Bacon, Sausages & Hot Dogs", "Aisle": "Meat", "Sku": "21045741_EA", "Regular Price": "None", "Sale Price": "5.99", "Image": "https://assets.shop.loblaws.ca/products/21045741/b1/en/front/21045741_front_a01_@2.png", "Brand": "La Fernandiere", "Url": "https://www.maxi.ca/mild-italian-sausage/p/21045741_EA", "Sub Category": null, "English Name": "Mild Italian Sausage", "Size": "375 g", "Size Label": "ea"}, {"Category": "Bacon, Sausages & Hot Dogs", "Aisle": "Meat", "Sku": "20734371_EA", "Regular Price": "None", "Sale Price": "10.00", "Image": "https://assets.shop.loblaws.ca/products/20734371/b1/en/front/20734371_front_a01_@2.png", "Brand": "No Name", "Url": "https://www.maxi.ca/original-smoked-sausages/p/20734371_EA", "Sub Category": null, "English Name": "Original Smoked Sausages", "Size": "900 g", "Size Label": "ea"}, {"Category": "Bacon, Sausages & Hot Dogs", "Aisle": "Meat", "Sku": "20154161_EA", "Regular Price": "None", "Sale Price": "5.49", "Image": "https://assets.shop.loblaws.ca/products/20154161/b1/en/front/20154161_front_a01_@2.png", "Brand": "Hygrade", "Url": "https://www.maxi.ca/bar-b-q-wieners/p/20154161_EA", "Sub Category": null, "English Name": "Bar-B-Q Wieners", "Size": "450 g", "Size Label": "ea"}, {"Category": "Bacon, Sausages & Hot Dogs", "Aisle": "Meat", "Sku": "21168773_EA", "Regular Price": "None", "Sale Price": "6.99", "Image": "https://assets.shop.loblaws.ca/products/21168773/b1/en/front/21168773_front_a01_@2.png", "Brand": "President's Choice", "Url": "https://www.maxi.ca/free-from-cocktail-mild-italian-pork-sausages/p/21168773_EA", "Sub Category": null, "English Name": "Free From Cocktail Mild Italian Pork Sausages", "Size": "375 g", "Size Label": "ea"}, {"Category": "Bacon, Sausages & Hot Dogs", "Aisle": "Meat", "Sku": "21300103_EA", "Regular Price": "None", "Sale Price": "6.99", "Image": "https://assets.shop.loblaws.ca/products/21300103/b1/en/front/21300103_front_a01_@2.png", "Brand": "Beyond Meat", "Url": "https://www.maxi.ca/beyond-sausage-hot-italian/p/21300103_EA", "Sub Category": null, "English Name": "Beyond Sausage Hot Italian", "Size": "400 g", "Size Label": "ea"}, {"Category": "Lamb & Veal", "Aisle": "Meat", "Sku": "21127320_EA", "Regular Price": "None", "Sale Price": "7.99", "Image": "https://assets.shop.loblaws.ca/products/21127320/b1/en/front/21127320_front_a01_@2.png", "Brand": "Montpak", "Url": "https://www.maxi.ca/lean-ground-veal/p/21127320_EA", "Sub Category": null, "English Name": "Lean Ground Veal ", "Size": "454 g", "Size Label": "ea"}, {"Category": "Lamb & Veal", "Aisle": "Meat", "Sku": "21352008_EA", "Regular Price": "None", "Sale Price": "10.99", "Image": "https://assets.shop.loblaws.ca/products/21352008/b1/en/front/21352008_front_a01_@2.png", "Brand": "President's Choice", "Url": "https://www.maxi.ca/free-from-lean-ground-lamb/p/21352008_EA", "Sub Category": null, "English Name": "Free From Lean Ground Lamb", "Size": "454 g", "Size Label": "ea"}, {"Category": "Lamb & Veal", "Aisle": "Meat", "Sku": "21126398_KG", "Regular Price": "None", "Sale Price": "8.54", "Image": "https://assets.shop.loblaws.ca/products/21126398/b1/en/front/21126398_front_a01_@2.png", "Brand": null, "Url": "https://www.maxi.ca/seasoned-veal-meatballs/p/21126398_KG", "Sub Category": null, "English Name": "Seasoned Veal Meatballs", "Size": "$17.61/1kg $7.99/1lb", "Size Label": "ea"}, {"Category": "Lamb & Veal", "Aisle": "Meat", "Sku": "20833968_EA", "Regular Price": "None", "Sale Price": "8.99", "Image": "https://assets.shop.loblaws.ca/products/20833968/b1/en/front/20833968_front_a01_@2.png", "Brand": null, "Url": "https://www.maxi.ca/peeled-and-cooked-shrimp/p/20833968_EA", "Sub Category": null, "English Name": "Peeled and Cooked Shrimp", "Size": "340 g", "Size Label": "ea"}, {"Category": "Lamb & Veal", "Aisle": "Meat", "Sku": "20664357_KG", "Regular Price": "None", "Sale Price": "12.89", "Image": "https://assets.shop.loblaws.ca/products/20664357/b1/en/front/20664357_front_a01_@2.png", "Brand": "President's Choice", "Url": "https://www.maxi.ca/free-from-australian-lamb-loin-chops/p/20664357_KG", "Sub Category": null, "English Name": "Free From Australian Lamb Loin Chops", "Size": "$12.99/1lb $28.64/1kg", "Size Label": "ea"}, {"Category": "Lamb & Veal", "Aisle": "Meat", "Sku": "20798674_KG", "Regular Price": "None", "Sale Price": "18.77", "Image": "https://assets.shop.loblaws.ca/products/20798674/b1/en/front/20798674_front_a01_@2.png", "Brand": "President's Choice", "Url": "https://www.maxi.ca/free-from-australian-lamb-shanks/p/20798674_KG", "Sub Category": null, "English Name": "Free From Australian Lamb Shanks", "Size": "$16.51/1kg $7.49/1lb", "Size Label": "ea"}, {"Category": "Lamb & Veal", "Aisle": "Meat", "Sku": "21001383_KG", "Regular Price": "None", "Sale Price": "5.99", "Image": "https://assets.shop.loblaws.ca/products/21001383/b1/en/front/21001383_front_a01_@2.png", "Brand": "Montpak", "Url": "https://www.maxi.ca/veal-breaded-cutlet/p/21001383_KG", "Sub Category": null, "English Name": "Veal Breaded Cutlet", "Size": "$11.99/1lb $26.43/1kg", "Size Label": "ea"}, {"Category": "Lamb & Veal", "Aisle": "Meat", "Sku": "21024953_KG", "Regular Price": "None", "Sale Price": "20.87", "Image": "https://assets.shop.loblaws.ca/products/21024953/b1/en/front/21024953_front_a01_@2.png", "Brand": "President's Choice", "Url": "https://www.maxi.ca/free-from-rosemary-and-garlic-australian-lamb/p/21024953_KG", "Sub Category": null, "English Name": "Free From Rosemary and Garlic Australian Lamb", "Size": "$11.49/1lb $25.33/1kg", "Size Label": "ea"}, {"Category": "Lamb & Veal", "Aisle": "Meat", "Sku": "20852524_KG", "Regular Price": "None", "Sale Price": "8.30", "Image": "https://assets.shop.loblaws.ca/products/20852524/b1/en/front/20852524_front_a01_@2.png", "Brand": "Montpak", "Url": "https://www.maxi.ca/grain-fed-veal-liver-slice/p/20852524_KG", "Sub Category": null, "English Name": "Grain-Fed Veal Liver, Slice", "Size": "$27.54/1kg $12.50/1lb", "Size Label": "ea"}, {"Category": "Lamb & Veal", "Aisle": "Meat", "Sku": "20660947_KG", "Regular Price": "None", "Sale Price": "11.46", "Image": "https://assets.shop.loblaws.ca/products/20660947/b1/en/front/20660947_front_a01_@2.png", "Brand": "President's Choice", "Url": "https://www.maxi.ca/fresh-lamb-marinated-loin-chops/p/20660947_KG", "Sub Category": null, "English Name": "Fresh Lamb Marinated Loin Chops", "Size": "$12.99/1lb $28.64/1kg", "Size Label": "ea"}, {"Category": "Lamb & Veal", "Aisle": "Meat", "Sku": "20660950_KG", "Regular Price": "None", "Sale Price": "29.09", "Image": "https://assets.shop.loblaws.ca/products/20660950/b1/en/front/20660950_front_a01_@2.png", "Brand": "President's Choice", "Url": "https://www.maxi.ca/free-from-australian-lamb-frenched-rack/p/20660950_KG", "Sub Category": null, "English Name": "Free From Australian Lamb Frenched Rack", "Size": "$48.48/1kg $22.00/1lb", "Size Label": "ea"}, {"Category": "Lamb & Veal", "Aisle": "Meat", "Sku": "20179913_EA", "Regular Price": "None", "Sale Price": "10.49", "Image": "https://assets.shop.loblaws.ca/products/20179913/b1/en/front/20179913_front_a01_@2.png", "Brand": "New Zealand", "Url": "https://www.maxi.ca/lamb-loin-chops/p/20179913_EA", "Sub Category": null, "English Name": "Lamb Loin Chops", "Size": "350 g", "Size Label": "ea"}, {"Category": "Lamb & Veal", "Aisle": "Meat", "Sku": "20171672_KG", "Regular Price": "None", "Sale Price": "15.66", "Image": "https://assets.shop.loblaws.ca/products/20171672/b1/en/front/20171672_front_a01_@2.png", "Brand": null, "Url": "https://www.maxi.ca/lamb-loin-chop-fresh/p/20171672_KG", "Sub Category": null, "English Name": "Lamb Loin Chop Fresh", "Size": "$31.95/1kg $14.50/1lb", "Size Label": "ea"}, {"Category": "Lamb & Veal", "Aisle": "Meat", "Sku": "20660949_KG", "Regular Price": "None", "Sale Price": "8.59", "Image": "https://assets.shop.loblaws.ca/products/20660949/b1/en/front/20660949_front_a01_@2.png", "Brand": "President's Choice", "Url": "https://www.maxi.ca/free-from-australian-lamb-shoulder-chops/p/20660949_KG", "Sub Category": null, "English Name": "Free From Australian Lamb Shoulder Chops", "Size": "$12.99/1lb $28.64/1kg", "Size Label": "ea"}, {"Category": "Lamb & Veal", "Aisle": "Meat", "Sku": "20660948_KG", "Regular Price": "None", "Sale Price": "10.55", "Image": "https://assets.shop.loblaws.ca/products/20660948/b1/en/front/20660948_front_a01_@2.png", "Brand": "President's Choice", "Url": "https://www.maxi.ca/australian-lamb-shoulder-chops-rosemary-garlic/p/20660948_KG", "Sub Category": null, "English Name": "Australian Lamb Shoulder Chops Rosemary & Garlic ", "Size": "$12.99/1lb $28.64/1kg", "Size Label": "ea"}, {"Category": "Lamb & Veal", "Aisle": "Meat", "Sku": "20081681_EA", "Regular Price": "None", "Sale Price": "2.49", "Image": "https://assets.shop.loblaws.ca/products/20081681/b1/en/front/20081681_front_a01_@2.png", "Brand": "C&C", "Url": "https://www.maxi.ca/calf-liver-sliced-frozen/p/20081681_EA", "Sub Category": null, "English Name": "Calf Liver, Sliced Frozen", "Size": "100 g", "Size Label": "ea"}, {"Category": "Lamb & Veal", "Aisle": "Meat", "Sku": "20917802_EA", "Regular Price": "None", "Sale Price": "9.99", "Image": "https://assets.shop.loblaws.ca/products/20917802/b1/en/front/20917802_front_a01_@2.png", "Brand": null, "Url": "https://www.maxi.ca/hoso-shrimp-cooked/p/20917802_EA", "Sub Category": null, "English Name": "Hoso Shrimp, Cooked", "Size": "400 g", "Size Label": "ea"}, {"Category": "Lamb & Veal", "Aisle": "Meat", "Sku": "20792242_EA", "Regular Price": "None", "Sale Price": "14.99", "Image": "https://assets.shop.loblaws.ca/products/20792242/b1/en/front/20792242_front_a01_@2.png", "Brand": "Anchor Bay", "Url": "https://www.maxi.ca/cooked-shrimp-61-70-ct/p/20792242_EA", "Sub Category": null, "English Name": "Cooked Shrimp 61-70 ct", "Size": "454 g", "Size Label": "ea"}, {"Category": "Lamb & Veal", "Aisle": "Meat", "Sku": "20819368_KG", "Regular Price": "None", "Sale Price": "48.60", "Image": "https://assets.shop.loblaws.ca/products/20819368/b1/en/front/20819368_front_a01_@2.png", "Brand": "President's Choice", "Url": "https://www.maxi.ca/free-from-short-cut-leg-australian-lamb/p/20819368_KG", "Sub Category": null, "English Name": "Free From Short Cut Leg Australian Lamb", "Size": "$17.61/1kg $7.99/1lb", "Size Label": "ea"}, {"Category": "Lamb & Veal", "Aisle": "Meat", "Sku": "21218676_KG", "Regular Price": "None", "Sale Price": "8.07", "Image": "https://assets.shop.loblaws.ca/products/21218676/b1/en/front/21218676_front_a01_@2.png", "Brand": null, "Url": "https://www.maxi.ca/kefta-6x1/p/21218676_KG", "Sub Category": null, "English Name": "Kefta (6X1)", "Size": "$17.62/1kg $7.99/1lb", "Size Label": "ea"}, {"Category": "Lamb & Veal", "Aisle": "Meat", "Sku": "20790436_EA", "Regular Price": "None", "Sale Price": "5.99", "Image": "https://assets.shop.loblaws.ca/products/20790436/b1/en/front/20790436_front_a01_@2.png", "Brand": "Montpak", "Url": "https://www.maxi.ca/concentrated-veal-stock/p/20790436_EA", "Sub Category": null, "English Name": "Concentrated Veal Stock", "Size": "100 g", "Size Label": "ea"}, {"Category": "Lamb & Veal", "Aisle": "Meat", "Sku": "20710604_KG", "Regular Price": "None", "Sale Price": "18.05", "Image": "https://assets.shop.loblaws.ca/products/20710604/b1/en/front/20710604_front_a01_@2.png", "Brand": null, "Url": "https://www.maxi.ca/ground-veal-lean/p/20710604_KG", "Sub Category": null, "English Name": "Ground Veal, Lean", "Size": "$17.62/1kg $7.99/1lb", "Size Label": "ea"}, {"Category": "Lamb & Veal", "Aisle": "Meat", "Sku": "21404897_KG", "Regular Price": "None", "Sale Price": "24.23", "Image": "https://assets.loblaws.ca/pcx_bronx_fe_assets/images/common/coming-soon-en-web.png", "Brand": "Fontaine Family", "Url": "https://www.maxi.ca/seasoned-veal-flank-steak/p/21404897_KG", "Sub Category": null, "English Name": "Seasoned Veal Flank Steak ", "Size": "$24.23/1kg", "Size Label": "kg"}, {"Category": "Lamb & Veal", "Aisle": "Meat", "Sku": "20040979_KG", "Regular Price": "None", "Sale Price": "8.05", "Image": "https://assets.shop.loblaws.ca/products/20040979/b1/en/front/20040979_front_a01_@2.png", "Brand": null, "Url": "https://www.maxi.ca/grain-fed-veal-blade-roast/p/20040979_KG", "Sub Category": null, "English Name": "Grain Fed Veal Blade Roast", "Size": "$3.63/1lb $7.99/1kg", "Size Label": "ea"}, {"Category": "Lamb & Veal", "Aisle": "Meat", "Sku": "21057132_KG", "Regular Price": "None", "Sale Price": "18.44", "Image": "https://assets.shop.loblaws.ca/products/21057132/b1/en/front/21057132_front_a01_@2.png", "Brand": "President's Choice", "Url": "https://www.maxi.ca/free-from-australian-lamb-lollipops/p/21057132_KG", "Sub Category": null, "English Name": "Free From Australian Lamb Lollipops", "Size": "$61.71/1kg $28.00/1lb", "Size Label": "ea"}, {"Category": "Lamb & Veal", "Aisle": "Meat", "Sku": "20819288_KG", "Regular Price": "None", "Sale Price": "39.50", "Image": "https://assets.shop.loblaws.ca/products/20819288/b1/en/front/20819288_front_a01_@2.png", "Brand": "President's Choice", "Url": "https://www.maxi.ca/fresh-lamb-leg-short-cut/p/20819288_KG", "Sub Category": null, "English Name": "Fresh Lamb Leg - Short Cut", "Size": "$16.51/1kg $7.49/1lb", "Size Label": "ea"}, {"Category": "Lamb & Veal", "Aisle": "Meat", "Sku": "21219480_EA", "Regular Price": "None", "Sale Price": "12.49", "Image": "https://assets.shop.loblaws.ca/products/21219480/b1/en/front/21219480_front_a01_@2.png", "Brand": "New Zealand", "Url": "https://www.maxi.ca/lamb-loin-chops/p/21219480_EA", "Sub Category": null, "English Name": "Lamb Loin Chops", "Size": "1 kg", "Size Label": "ea"}, {"Category": "Lamb & Veal", "Aisle": "Meat", "Sku": "20925395_EA", "Regular Price": "None", "Sale Price": "159.99", "Image": "https://assets.loblaws.ca/pcx_bronx_fe_assets/images/common/coming-soon-en-web.png", "Brand": null, "Url": "https://www.maxi.ca/whole-lamb-frozen/p/20925395_EA", "Sub Category": null, "English Name": "Whole Lamb, Frozen", "Size": "1 ea", "Size Label": "ea"}, {"Category": "Lamb & Veal", "Aisle": "Meat", "Sku": "20607132_KG", "Regular Price": "None", "Sale Price": "52.34", "Image": "https://assets.shop.loblaws.ca/products/20607132/b1/en/front/20607132_front_a01_@2.png", "Brand": null, "Url": "https://www.maxi.ca/quebec-lamb-leg/p/20607132_KG", "Sub Category": null, "English Name": "Quebec Lamb Leg", "Size": "$10.99/1lb $24.23/1kg", "Size Label": "ea"}, {"Category": "Lamb & Veal", "Aisle": "Meat", "Sku": "21295537_KG", "Regular Price": "None", "Sale Price": "20.71", "Image": "https://assets.shop.loblaws.ca/products/21295537/b1/en/front/21295537_front_a01_@2.png", "Brand": null, "Url": "https://www.maxi.ca/veal-aged-chop-hotel-style/p/21295537_KG", "Sub Category": null, "English Name": "Veal Aged Chop Hotel Style", "Size": "$44.07/1kg $20.00/1lb", "Size Label": "ea"}, {"Category": "Kebabs & Marinated Meat", "Aisle": "Meat", "Sku": "21095546_EA", "Regular Price": "None", "Sale Price": "12.99", "Image": "https://assets.shop.loblaws.ca/products/21095546/b1/en/front/21095546_front_a01_@2.png", "Brand": "President's Choice", "Url": "https://www.maxi.ca/world-of-flavours-canadian-maple-apple-butter-roas/p/21095546_EA", "Sub Category": null, "English Name": "World Of Flavours Canadian Maple Apple Butter Roast", "Size": "730 g", "Size Label": "ea"}, {"Category": "Kebabs & Marinated Meat", "Aisle": "Meat", "Sku": "21041735_EA", "Regular Price": "None", "Sale Price": "12.99", "Image": "https://assets.shop.loblaws.ca/products/21041735/b1/en/front/21041735_front_a01_@2.png", "Brand": "Marcangelo", "Url": "https://www.maxi.ca/chicken-souvlaki-value-pack/p/21041735_EA", "Sub Category": null, "English Name": "Chicken Souvlaki, Value Pack", "Size": "480 g", "Size Label": "ea"}, {"Category": "Kebabs & Marinated Meat", "Aisle": "Meat", "Sku": "21098855_EA", "Regular Price": "None", "Sale Price": "12.99", "Image": "https://assets.shop.loblaws.ca/products/21098855/b1/en/front/21098855_front_a01_@2.png", "Brand": "Marcangelo", "Url": "https://www.maxi.ca/pork-souvlaki-value-pack/p/21098855_EA", "Sub Category": null, "English Name": "Pork Souvlaki, Value Pack", "Size": "640 g", "Size Label": "ea"}, {"Category": "Kebabs & Marinated Meat", "Aisle": "Meat", "Sku": "21095540_EA", "Regular Price": "None", "Sale Price": "12.99", "Image": "https://assets.shop.loblaws.ca/products/21095540/b1/en/front/21095540_front_a01_@2.png", "Brand": "President's Choice", "Url": "https://www.maxi.ca/world-of-flavours-greek-seasoned-pork-loin-roast/p/21095540_EA", "Sub Category": null, "English Name": "World Of Flavours Greek Seasoned Pork Loin Roast", "Size": "730 g", "Size Label": "ea"}, {"Category": "Kebabs & Marinated Meat", "Aisle": "Meat", "Sku": "21095511_EA", "Regular Price": "None", "Sale Price": "12.99", "Image": "https://assets.shop.loblaws.ca/products/21095511/b1/en/front/21095511_front_a01_@2.png", "Brand": "President's Choice", "Url": "https://www.maxi.ca/worlds-of-flavors-carnitas-pork-shoulder/p/21095511_EA", "Sub Category": null, "English Name": "Worlds of Flavors Carnitas Pork Shoulder", "Size": "900 g", "Size Label": "ea"}, {"Category": "Kebabs & Marinated Meat", "Aisle": "Meat", "Sku": "21205736_EA", "Regular Price": "None", "Sale Price": "12.99", "Image": "https://assets.shop.loblaws.ca/products/21205736/b1/en/front/21205736_front_a01_@2.png", "Brand": "President's Choice", "Url": "https://www.maxi.ca/barbecue-seasoned-pork-shoulder-blade-world-of-fla/p/21205736_EA", "Sub Category": null, "English Name": "Barbecue Seasoned Pork Shoulder Blade (World Of Flavours )", "Size": "900 g", "Size Label": "ea"}, {"Category": "Kebabs & Marinated Meat", "Aisle": "Meat", "Sku": "21378258_EA", "Regular Price": "None", "Sale Price": "13.49", "Image": "https://assets.shop.loblaws.ca/products/21378258/b1/en/front/21378258_front_a01_@2.png", "Brand": "Marcangelo", "Url": "https://www.maxi.ca/chicken-breast-medallions-bacon-wrapped-452-g/p/21378258_EA", "Sub Category": null, "English Name": "Chicken Breast Medallions Bacon Wrapped 452 g", "Size": "452 g", "Size Label": "ea"}, {"Category": "Kebabs & Marinated Meat", "Aisle": "Meat", "Sku": "21025464_EA", "Regular Price": "None", "Sale Price": "12.49", "Image": "https://assets.shop.loblaws.ca/products/21025464/b1/en/front/21025464_front_a01_@2.png", "Brand": "Marcangelo", "Url": "https://www.maxi.ca/bacon-wrapped-beef/p/21025464_EA", "Sub Category": null, "English Name": "Bacon Wrapped Beef", "Size": "340 g", "Size Label": "ea"}, {"Category": "Kebabs & Marinated Meat", "Aisle": "Meat", "Sku": "20784773_EA", "Regular Price": "None", "Sale Price": "6.00", "Image": "https://assets.shop.loblaws.ca/products/20784773/b1/en/front/20784773_front_a01_@2.png", "Brand": null, "Url": "https://www.maxi.ca/southwestern-style-pork-loin-steaks/p/20784773_EA", "Sub Category": null, "English Name": "Southwestern Style Pork Loin Steaks", "Size": "380 g", "Size Label": "ea"}, {"Category": "Kebabs & Marinated Meat", "Aisle": "Meat", "Sku": "21096334_EA", "Regular Price": "None", "Sale Price": "9.49", "Image": "https://assets.shop.loblaws.ca/products/21096334/b1/en/front/21096334_front_a01_@2.png", "Brand": "President's Choice", "Url": "https://www.maxi.ca/world-of-flavours-greek-seasoned-pork-loin-chops/p/21096334_EA", "Sub Category": null, "English Name": "World Of Flavours Greek Seasoned Pork Loin Chops", "Size": "440 g", "Size Label": "ea"}, {"Category": "Kebabs & Marinated Meat", "Aisle": "Meat", "Sku": "21535676_EA", "Regular Price": "None", "Sale Price": "9.79", "Image": "https://assets.shop.loblaws.ca/products/21535676/b1/en/front/21535676_front_a01_@2.png", "Brand": "Marcangelo", "Url": "https://www.maxi.ca/lamb-skewers-middle-eastern-style/p/21535676_EA", "Sub Category": null, "English Name": "Lamb Skewers, Middle Eastern Style", "Size": "240 g", "Size Label": "ea"}, {"Category": "Kebabs & Marinated Meat", "Aisle": "Meat", "Sku": "21290365_EA", "Regular Price": "None", "Sale Price": "7.99", "Image": "https://assets.shop.loblaws.ca/products/21290365/b1/en/front/21290365_front_a01_@2.png", "Brand": "Marcangelo", "Url": "https://www.maxi.ca/twister-chicken-breast-kabobs-wrapped-in-bacon-n-h/p/21290365_EA", "Sub Category": null, "English Name": "Twister Chicken Breast Kabobs wrapped in Bacon N Honey BBQ", "Size": "280 g", "Size Label": "ea"}, {"Category": "Kebabs & Marinated Meat", "Aisle": "Meat", "Sku": "21290654_EA", "Regular Price": "None", "Sale Price": "24.99", "Image": "https://assets.shop.loblaws.ca/products/21290654/b1/en/front/21290654_front_a01_@2.png", "Brand": "Marcangelo", "Url": "https://www.maxi.ca/bacon-wrapped-beef-medallion-value-pack/p/21290654_EA", "Sub Category": null, "English Name": "Bacon Wrapped Beef Medallion, Value Pack", "Size": "678 g", "Size Label": "ea"}, {"Category": "Kebabs & Marinated Meat", "Aisle": "Meat", "Sku": "21536880_EA", "Regular Price": "None", "Sale Price": "9.99", "Image": "https://assets.shop.loblaws.ca/products/21536880/b1/en/front/21536880_front_a01_@2.png", "Brand": "Marcangelo", "Url": "https://www.maxi.ca/bacon-twisters-bacon-wrapped-chicken-skewers/p/21536880_EA", "Sub Category": null, "English Name": "Bacon Twisters, Bacon Wrapped Chicken Skewers", "Size": "280 g", "Size Label": "ea"}, {"Category": "Kebabs & Marinated Meat", "Aisle": "Meat", "Sku": "21475233_EA", "Regular Price": "None", "Sale Price": "9.99", "Image": "https://assets.loblaws.ca/pcx_bronx_fe_assets/images/common/coming-soon-en-web.png", "Brand": "Houston Avenue Bar & Grill", "Url": "https://www.maxi.ca/houston-beef-bavette/p/21475233_EA", "Sub Category": null, "English Name": "Houston Beef Bavette", "Size": "225 g", "Size Label": "ea"}, {"Category": "Kebabs & Marinated Meat", "Aisle": "Meat", "Sku": "20986022_EA", "Regular Price": "None", "Sale Price": "11.00", "Image": "https://assets.shop.loblaws.ca/products/20986022/b1/en/front/20986022_front_a01_@2.png", "Brand": null, "Url": "https://www.maxi.ca/rib-eye-steaks-2-pack/p/20986022_EA", "Sub Category": null, "English Name": "Rib Eye Steaks, 2 Pack", "Size": "290 g", "Size Label": "ea"}, {"Category": "Kebabs & Marinated Meat", "Aisle": "Meat", "Sku": "20844458_EA", "Regular Price": "None", "Sale Price": "7.00", "Image": "https://assets.shop.loblaws.ca/products/20844458/b1/en/front/20844458_front_a01_@2.png", "Brand": null, "Url": "https://www.maxi.ca/beef-rib-eye-steak/p/20844458_EA", "Sub Category": null, "English Name": "Beef Rib Eye Steak", "Size": "170 g", "Size Label": "ea"}, {"Category": "Kebabs & Marinated Meat", "Aisle": "Meat", "Sku": "21095535_EA", "Regular Price": "None", "Sale Price": "9.49", "Image": "https://assets.shop.loblaws.ca/products/21095535/b1/en/front/21095535_front_a01_@2.png", "Brand": "President's Choice", "Url": "https://www.maxi.ca/jerk-frenched-chops/p/21095535_EA", "Sub Category": null, "English Name": "Jerk Frenched Chops", "Size": "440 g", "Size Label": "ea"}, {"Category": "Kebabs & Marinated Meat", "Aisle": "Meat", "Sku": "21535661_EA", "Regular Price": "None", "Sale Price": "9.99", "Image": "https://assets.shop.loblaws.ca/products/21535661/b1/en/front/21535661_front_a01_@2.png", "Brand": "Marcangelo", "Url": "https://www.maxi.ca/beef-skewers-korean-style-bbq/p/21535661_EA", "Sub Category": null, "English Name": "Beef Skewers, Korean Style BBQ", "Size": "200 g", "Size Label": "ea"}, {"Category": "Kebabs & Marinated Meat", "Aisle": "Meat", "Sku": "20985996_EA", "Regular Price": "None", "Sale Price": "11.00", "Image": "https://assets.shop.loblaws.ca/products/20985996/b1/en/front/20985996_front_a01_@2.png", "Brand": null, "Url": "https://www.maxi.ca/rib-eye-steaks-montreal-spice/p/20985996_EA", "Sub Category": null, "English Name": "Rib Eye Steaks, Montreal Spice", "Size": "290 g", "Size Label": "ea"}, {"Category": "Kebabs & Marinated Meat", "Aisle": "Meat", "Sku": "21290361_EA", "Regular Price": "None", "Sale Price": "13.49", "Image": "https://assets.shop.loblaws.ca/products/21290361/b1/en/front/21290361_front_a01_@2.png", "Brand": "Marcangelo", "Url": "https://www.maxi.ca/honey-barbeque-short-ribs/p/21290361_EA", "Sub Category": null, "English Name": "Honey Barbeque Short Ribs", "Size": "500 g", "Size Label": "ea"}, {"Category": "Kebabs & Marinated Meat", "Aisle": "Meat", "Sku": "21025498_EA", "Regular Price": "None", "Sale Price": "15.39", "Image": "https://assets.shop.loblaws.ca/products/21025498/b1/en/front/21025498_front_a01_@2.png", "Brand": "Marcangelo", "Url": "https://www.maxi.ca/bacon-wrapped-turkey/p/21025498_EA", "Sub Category": null, "English Name": "Bacon Wrapped Turkey", "Size": "340 g", "Size Label": "ea"}, {"Category": "Kebabs & Marinated Meat", "Aisle": "Meat", "Sku": "21095022_EA", "Regular Price": "None", "Sale Price": "2.99", "Image": "https://assets.shop.loblaws.ca/products/21095022/b1/en/front/21095022_front_a01_@2.png", "Brand": "Marcangelo", "Url": "https://www.maxi.ca/chicken-breast-souvlaki-2-pack/p/21095022_EA", "Sub Category": null, "English Name": "Chicken Breast Souvlaki, 2 Pack", "Size": "120 g", "Size Label": "ea"}, {"Category": "Kebabs & Marinated Meat", "Aisle": "Meat", "Sku": "21339953_EA", "Regular Price": "None", "Sale Price": "17.89", "Image": "https://assets.shop.loblaws.ca/products/21339953/b1/en/front/21339953_front_a01_@2.png", "Brand": "Marcangelo", "Url": "https://www.maxi.ca/turkey-breast-roast-wrap-bacon/p/21339953_EA", "Sub Category": null, "English Name": "Turkey Breast Roast Wrap Bacon", "Size": "600 g", "Size Label": "ea"}, {"Category": "Kebabs & Marinated Meat", "Aisle": "Meat", "Sku": "21363941_EA", "Regular Price": "None", "Sale Price": "23.99", "Image": "https://assets.shop.loblaws.ca/products/21363941/b1/en/front/21363941_front_a01_@2.png", "Brand": "Marcangelo", "Url": "https://www.maxi.ca/pork-shoulder-picnic-roast-italian-porchetta/p/21363941_EA", "Sub Category": null, "English Name": "Pork Shoulder Picnic Roast Italian Porchetta", "Size": "1.5 kg", "Size Label": "ea"}, {"Category": "Kebabs & Marinated Meat", "Aisle": "Meat", "Sku": "21340335_EA", "Regular Price": "None", "Sale Price": "12.99", "Image": "https://assets.shop.loblaws.ca/products/21340335/b1/en/front/21340335_front_a01_@2.png", "Brand": "Marcangelo", "Url": "https://www.maxi.ca/bbq-flavour-bacon-wrapped-pork-loin-centre-cut-roa/p/21340335_EA", "Sub Category": null, "English Name": "Bbq Flavour Bacon Wrapped Pork Loin Centre Cut Roast", "Size": "600 g", "Size Label": "ea"}, {"Category": "Kebabs & Marinated Meat", "Aisle": "Meat", "Sku": "21339900_EA", "Regular Price": "None", "Sale Price": "14.59", "Image": "https://assets.shop.loblaws.ca/products/21339900/b1/en/front/21339900_front_a01_@2.png", "Brand": "Marcangelo", "Url": "https://www.maxi.ca/hawaiian-style-bacon-wrapped-pork-loin-centre-cut/p/21339900_EA", "Sub Category": null, "English Name": "Hawaiian Style Bacon Wrapped Pork Loin Centre Cut Roast", "Size": "600 g", "Size Label": "ea"}, {"Category": "Kebabs & Marinated Meat", "Aisle": "Meat", "Sku": "21496882_EA", "Regular Price": "None", "Sale Price": "9.99", "Image": "https://assets.shop.loblaws.ca/products/21496882/b1/en/front/21496882_front_a01_@2.png", "Brand": "Marcangelo", "Url": "https://www.maxi.ca/pork-loin-chop-bacon-wrapped-stuffed-with-mozzarel/p/21496882_EA", "Sub Category": null, "English Name": "Pork Loin Chop Bacon Wrapped Stuffed With Mozzarella, Cranberry & Apple", "Size": "350 g", "Size Label": "ea"}, {"Category": "Kebabs & Marinated Meat", "Aisle": "Meat", "Sku": "21315232_EA", "Regular Price": "None", "Sale Price": "7.00", "Image": "https://assets.loblaws.ca/pcx_bronx_fe_assets/images/common/coming-soon-en-web.png", "Brand": null, "Url": "https://www.maxi.ca/bbq-seasoned-chicken-skewers/p/21315232_EA", "Sub Category": null, "English Name": "Bbq Seasoned Chicken Skewers", "Size": "300 g", "Size Label": "ea"}, {"Category": "Kebabs & Marinated Meat", "Aisle": "Meat", "Sku": "21305815_EA", "Regular Price": "None", "Sale Price": "7.99", "Image": "https://assets.shop.loblaws.ca/products/21305815/b1/en/front/21305815_front_a01_@2.png", "Brand": "Legacy", "Url": "https://www.maxi.ca/beef-tenderloin-kabob-southern-bbq/p/21305815_EA", "Sub Category": null, "English Name": "Beef Tenderloin Kabob Southern Bbq", "Size": "200 g", "Size Label": "ea"}, {"Category": "Kebabs & Marinated Meat", "Aisle": "Meat", "Sku": "21315157_EA", "Regular Price": "None", "Sale Price": "9.00", "Image": "https://assets.loblaws.ca/pcx_bronx_fe_assets/images/common/coming-soon-en-web.png", "Brand": null, "Url": "https://www.maxi.ca/beef-skewers-3-peppers/p/21315157_EA", "Sub Category": null, "English Name": "Beef Skewers 3 Peppers", "Size": "300 g", "Size Label": "ea"}, {"Category": "Kebabs & Marinated Meat", "Aisle": "Meat", "Sku": "21339728_EA", "Regular Price": "None", "Sale Price": "12.49", "Image": "https://assets.shop.loblaws.ca/products/21339728/b1/en/front/21339728_front_a01_@2.png", "Brand": "Marcangelo", "Url": "https://www.maxi.ca/sweet-chili-lime-pork-sirloin-roast/p/21339728_EA", "Sub Category": null, "English Name": "Sweet Chili Lime Pork Sirloin Roast", "Size": "800 g", "Size Label": "ea"}, {"Category": "Kebabs & Marinated Meat", "Aisle": "Meat", "Sku": "21315231_EA", "Regular Price": "None", "Sale Price": "7.00", "Image": "https://assets.loblaws.ca/pcx_bronx_fe_assets/images/common/coming-soon-en-web.png", "Brand": null, "Url": "https://www.maxi.ca/bbq-seasoned-pork-skewers/p/21315231_EA", "Sub Category": null, "English Name": "Bbq Seasoned Pork Skewers", "Size": "300 g", "Size Label": "ea"}, {"Category": "Kebabs & Marinated Meat", "Aisle": "Meat", "Sku": "20902208_EA", "Regular Price": "None", "Sale Price": "2.59", "Image": "https://assets.shop.loblaws.ca/products/20902208/b1/en/front/20902208_front_a01_@2.png", "Brand": "Marcangelo", "Url": "https://www.maxi.ca/souvlaki-kabob/p/20902208_EA", "Sub Category": null, "English Name": "Souvlaki Kabob", "Size": "120 g", "Size Label": "ea"}, {"Category": "Kebabs & Marinated Meat", "Aisle": "Meat", "Sku": "21154363_EA", "Regular Price": "None", "Sale Price": "12.00", "Image": "https://assets.shop.loblaws.ca/products/21154363/b1/en/front/21154363_front_a01_@2.png", "Brand": "Marcangelo", "Url": "https://www.maxi.ca/sweet-peppercorn-pork-tenderloin-stuffed-with-appl/p/21154363_EA", "Sub Category": null, "English Name": "Sweet Peppercorn Pork Tenderloin Stuffed with Apple Pork Sausage", "Size": "600 g", "Size Label": "ea"}, {"Category": "Kebabs & Marinated Meat", "Aisle": "Meat", "Sku": "20985743_EA", "Regular Price": "None", "Sale Price": "11.00", "Image": "https://assets.shop.loblaws.ca/products/20985743/b1/en/front/20985743_front_a01_@2.png", "Brand": null, "Url": "https://www.maxi.ca/eye-of-round-steak-montreal-spice/p/20985743_EA", "Sub Category": null, "English Name": "Eye Of Round Steak, Montreal Spice", "Size": "280 g", "Size Label": "ea"}, {"Category": "Beef", "Aisle": "Meat", "Sku": "21125124_EA", "Regular Price": "None", "Sale Price": "7.00", "Image": "https://assets.shop.loblaws.ca/products/21125124/b1/en/front/21125124_front_a01_@2.png", "Brand": null, "Url": "https://www.maxi.ca/lean-ground-beef/p/21125124_EA", "Sub Category": null, "English Name": "Lean Ground Beef", "Size": "500 g", "Size Label": "ea"}, {"Category": "Beef", "Aisle": "Meat", "Sku": "20317941_KG", "Regular Price": "None", "Sale Price": "18.14", "Image": "https://assets.shop.loblaws.ca/products/20317941/b1/en/front/20317941_front_a01_@2.png", "Brand": null, "Url": "https://www.maxi.ca/lean-ground-beef-club-pack/p/20317941_KG", "Sub Category": null, "English Name": "Lean Ground Beef, Club Pack", "Size": "$12.76/1kg $5.79/1lb", "Size Label": "ea"}, {"Category": "Beef", "Aisle": "Meat", "Sku": "21125110_EA", "Regular Price": "None", "Sale Price": "8.00", "Image": "https://assets.shop.loblaws.ca/products/21125110/b1/en/front/21125110_front_a01_@2.png", "Brand": null, "Url": "https://www.maxi.ca/extra-lean-ground-beef/p/21125110_EA", "Sub Category": null, "English Name": "Extra Lean Ground Beef", "Size": "500 g", "Size Label": "ea"}, {"Category": "Beef", "Aisle": "Meat", "Sku": "21125121_EA", "Regular Price": "None", "Sale Price": "6.00", "Image": "https://assets.shop.loblaws.ca/products/21125121/b1/en/front/21125121_front_a01_@2.png", "Brand": null, "Url": "https://www.maxi.ca/medium-ground-beef/p/21125121_EA", "Sub Category": null, "English Name": "Medium Ground Beef", "Size": "500 g", "Size Label": "ea"}, {"Category": "Beef", "Aisle": "Meat", "Sku": "20941230_EA", "Regular Price": "None", "Sale Price": "15.99", "Image": "https://assets.shop.loblaws.ca/products/20941230/b1/en/front/20941230_front_a01_@2.png", "Brand": "President's Choice", "Url": "https://www.maxi.ca/thick-juicy-prime-rib-beef-burger/p/20941230_EA", "Sub Category": null, "English Name": "Thick &\u00a0Juicy\u2122\u00a0Prime Rib Beef Burger", "Size": "1.13 kg", "Size Label": "ea"}, {"Category": "Beef", "Aisle": "Meat", "Sku": "20048901_KG", "Regular Price": "None", "Sale Price": "17.38", "Image": "https://assets.shop.loblaws.ca/products/20048901/b1/en/front/20048901_front_a01_@2.png", "Brand": null, "Url": "https://www.maxi.ca/medium-ground-beef-club-pack/p/20048901_KG", "Sub Category": null, "English Name": "Medium Ground Beef, Club Pack", "Size": "$11.44/1kg $5.19/1lb", "Size Label": "ea"}, {"Category": "Beef", "Aisle": "Meat", "Sku": "20941443_EA", "Regular Price": "None", "Sale Price": "15.99", "Image": "https://assets.shop.loblaws.ca/products/20941443/b1/en/front/20941443_front_a01_@2.png", "Brand": "President's Choice", "Url": "https://www.maxi.ca/thick-juicy-sirloin-beef-burgers/p/20941443_EA", "Sub Category": null, "English Name": "Thick &\u00a0Juicy\u2122\u00a0Sirloin Beef Burgers\u00a0", "Size": "1.13 kg", "Size Label": "ea"}, {"Category": "Beef", "Aisle": "Meat", "Sku": "20079323_KG", "Regular Price": "None", "Sale Price": "22.02", "Image": "https://assets.shop.loblaws.ca/products/20079323/b1/en/front/20079323_front_a01_@2.png", "Brand": null, "Url": "https://www.maxi.ca/stew-beef-boneless-club-pack/p/20079323_KG", "Sub Category": null, "English Name": "Stew Beef, Boneless Club Pack", "Size": "$22.02/1kg $9.99/1lb", "Size Label": "ea"}, {"Category": "Beef", "Aisle": "Meat", "Sku": "21526930_EA", "Regular Price": "None", "Sale Price": "10.00", "Image": "https://assets.shop.loblaws.ca/products/21526930/b1/en/front/21526930_front_a01_@2.png", "Brand": null, "Url": "https://www.maxi.ca/italian-meatballs/p/21526930_EA", "Sub Category": null, "English Name": "Italian Meatballs", "Size": "1.5 kg", "Size Label": "ea"}, {"Category": "Beef", "Aisle": "Meat", "Sku": "21484987_EA", "Regular Price": "None", "Sale Price": "10.00", "Image": "https://assets.shop.loblaws.ca/products/21484987/b1/en/front/21484987_front_a01_@2.png", "Brand": null, "Url": "https://www.maxi.ca/swedish-meatballs/p/21484987_EA", "Sub Category": null, "English Name": "Swedish Meatballs", "Size": "1.5 kg", "Size Label": "ea"}, {"Category": "Beef", "Aisle": "Meat", "Sku": "20862651_EA", "Regular Price": "None", "Sale Price": "15.99", "Image": "https://assets.shop.loblaws.ca/products/20862651/b1/en/front/20862651_front_a01_@2.png", "Brand": "President's Choice", "Url": "https://www.maxi.ca/free-from-angus-beef-burger/p/20862651_EA", "Sub Category": null, "English Name": "Free From Angus Beef Burger", "Size": "1.02 kg", "Size Label": "ea"}, {"Category": "Beef", "Aisle": "Meat", "Sku": "20067486_KG", "Regular Price": "None", "Sale Price": "7.73", "Image": "https://assets.shop.loblaws.ca/products/20067486/b1/en/front/20067486_front_a01_@2.png", "Brand": null, "Url": "https://www.maxi.ca/sirloin-tip-steak/p/20067486_KG", "Sub Category": null, "English Name": "Sirloin Tip Steak", "Size": "$12.99/1lb $28.64/1kg", "Size Label": "ea"}, {"Category": "Beef", "Aisle": "Meat", "Sku": "20779447_KG", "Regular Price": "None", "Sale Price": "24.40", "Image": "https://assets.shop.loblaws.ca/products/20779447/b1/en/front/20779447_front_a01_@2.png", "Brand": null, "Url": "https://www.maxi.ca/tournedos-steak-with-pork-fat-club-pack/p/20779447_KG", "Sub Category": null, "English Name": "Tournedos Steak with Pork Fat, Club Pack", "Size": "$13.49/1lb $29.74/1kg", "Size Label": "ea"}, {"Category": "Beef", "Aisle": "Meat", "Sku": "21518611_EA", "Regular Price": "None", "Sale Price": "19.99", "Image": "https://assets.loblaws.ca/pcx_bronx_fe_assets/images/common/coming-soon-en-web.png", "Brand": "Alpha", "Url": "https://www.maxi.ca/quebec-pulled-beef-wellington/p/21518611_EA", "Sub Category": null, "English Name": "Quebec Pulled Beef Wellington", "Size": "500 g", "Size Label": "ea"}, {"Category": "Beef", "Aisle": "Meat", "Sku": "21235632_EA", "Regular Price": "None", "Sale Price": "16.99", "Image": "https://assets.shop.loblaws.ca/products/21235632/b1/en/front/21235632_front_a01_@2.png", "Brand": "Gibiers Canabec", "Url": "https://www.maxi.ca/wild-boar-chinese-fondue/p/21235632_EA", "Sub Category": null, "English Name": "Wild Boar Chinese Fondue", "Size": "200 g", "Size Label": "ea"}, {"Category": "Beef", "Aisle": "Meat", "Sku": "20941202_EA", "Regular Price": "None", "Sale Price": "15.99", "Image": "https://assets.shop.loblaws.ca/products/20941202/b1/en/front/20941202_front_a01_@2.png", "Brand": "PC Blue Menu", "Url": "https://www.maxi.ca/sirloin-beef-burger/p/20941202_EA", "Sub Category": null, "English Name": "Sirloin Beef Burger", "Size": "1.02 kg", "Size Label": "ea"}, {"Category": "Beef", "Aisle": "Meat", "Sku": "21235586_EA", "Regular Price": "None", "Sale Price": "14.99", "Image": "https://assets.shop.loblaws.ca/products/21235586/b1/en/front/21235586_front_a01_@2.png", "Brand": "Gibiers Canabec", "Url": "https://www.maxi.ca/elk-chinese-fondue/p/21235586_EA", "Sub Category": null, "English Name": "Elk Chinese Fondue", "Size": "200 g", "Size Label": "ea"}, {"Category": "Beef", "Aisle": "Meat", "Sku": "20048244_KG", "Regular Price": "None", "Sale Price": "17.17", "Image": "https://assets.shop.loblaws.ca/products/20048244/b1/en/front/20048244_front_a01_@2.png", "Brand": null, "Url": "https://www.maxi.ca/t-bone-steak-regular-cut/p/20048244_KG", "Sub Category": null, "English Name": "T-Bone Steak, Regular Cut", "Size": "$41.87/1kg $19.00/1lb", "Size Label": "ea"}, {"Category": "Beef", "Aisle": "Meat", "Sku": "20012432_KG", "Regular Price": "None", "Sale Price": "7.22", "Image": "https://assets.shop.loblaws.ca/products/20012432/b1/en/front/20012432_front_a01_@2.png", "Brand": null, "Url": "https://www.maxi.ca/inside-round-strips/p/20012432_KG", "Sub Category": null, "English Name": "Inside Round Strips", "Size": "$10.99/1lb $24.23/1kg", "Size Label": "ea"}, {"Category": "Beef", "Aisle": "Meat", "Sku": "20780609_EA", "Regular Price": "None", "Sale Price": "6.49", "Image": "https://assets.shop.loblaws.ca/products/20780609/b1/en/front/20780609_front_a01_@2.png", "Brand": "Royal", "Url": "https://www.maxi.ca/chinese-chicken-fondue/p/20780609_EA", "Sub Category": null, "English Name": "Chinese Chicken Fondue    ", "Size": "200 g", "Size Label": "ea"}, {"Category": "Beef", "Aisle": "Meat", "Sku": "20858871_KG", "Regular Price": "None", "Sale Price": "5.60", "Image": "https://assets.shop.loblaws.ca/products/20858871/b1/en/front/20858871_front_a01_@2.png", "Brand": null, "Url": "https://www.maxi.ca/beef-soup-bones/p/20858871_KG", "Sub Category": null, "English Name": "Beef Soup Bones", "Size": "$7.47/1kg $3.39/1lb", "Size Label": "ea"}, {"Category": "Beef", "Aisle": "Meat", "Sku": "21382527_EA", "Regular Price": "None", "Sale Price": "12.00", "Image": "https://assets.shop.loblaws.ca/products/21382527/b1/en/front/21382527_front_a01_@2.png", "Brand": "Marcangelo", "Url": "https://www.maxi.ca/homestyle-burgers-flame-grilled-value-pack/p/21382527_EA", "Sub Category": null, "English Name": "Homestyle Burgers Flame Grilled Value Pack", "Size": "850 g", "Size Label": "ea"}, {"Category": "Beef", "Aisle": "Meat", "Sku": "21395711_EA", "Regular Price": "None", "Sale Price": "11.00", "Image": "https://assets.shop.loblaws.ca/products/21395711/b1/en/front/21395711_front_a01_@2.png", "Brand": "Sufra", "Url": "https://www.maxi.ca/halal-diced-beef/p/21395711_EA", "Sub Category": null, "English Name": "Halal Diced Beef", "Size": "454 g", "Size Label": "ea"}, {"Category": "Beef", "Aisle": "Meat", "Sku": "21340042_EA", "Regular Price": "None", "Sale Price": "14.99", "Image": "https://assets.shop.loblaws.ca/products/21340042/b1/en/front/21340042_front_a01_@2.png", "Brand": null, "Url": "https://www.maxi.ca/beef-flap-steak/p/21340042_EA", "Sub Category": null, "English Name": "Beef Flap Steak", "Size": "225 g", "Size Label": "ea"}, {"Category": "Beef", "Aisle": "Meat", "Sku": "21510661_KG", "Regular Price": "None", "Sale Price": "15.57", "Image": "https://assets.shop.loblaws.ca/products/21510661/b1/en/front/21510661_front_a01_@2.png", "Brand": null, "Url": "https://www.maxi.ca/beef-t-bone-steak-club-pack/p/21510661_KG", "Sub Category": null, "English Name": "Beef T-Bone Steak, Club Pack", "Size": "$7.99/1lb", "Size Label": "ea"}, {"Category": "Beef", "Aisle": "Meat", "Sku": "20078684_KG", "Regular Price": "None", "Sale Price": "14.91", "Image": "https://assets.shop.loblaws.ca/products/20078684/b1/en/front/20078684_front_a01_@2.png", "Brand": null, "Url": "https://www.maxi.ca/braising-beef-ribs/p/20078684_KG", "Sub Category": null, "English Name": "Braising Beef Ribs", "Size": "$31.94/1kg $14.49/1lb", "Size Label": "ea"}, {"Category": "Beef", "Aisle": "Meat", "Sku": "20125632_KG", "Regular Price": "None", "Sale Price": "20.65", "Image": "https://assets.shop.loblaws.ca/products/20125632/b1/en/front/20125632_front_a01_@2.png", "Brand": null, "Url": "https://www.maxi.ca/inside-round-steak-european-cut-family-pack/p/20125632_KG", "Sub Category": null, "English Name": "Inside Round Steak, European Cut Family Pack", "Size": "$12.99/1lb $28.64/1kg", "Size Label": "ea"}, {"Category": "Beef", "Aisle": "Meat", "Sku": "20015612_KG", "Regular Price": "None", "Sale Price": "12.04", "Image": "https://assets.shop.loblaws.ca/products/20015612/b1/en/front/20015612_front_a01_@2.png", "Brand": null, "Url": "https://www.maxi.ca/inside-round-tournedos/p/20015612_KG", "Sub Category": null, "English Name": "Inside Round Tournedos", "Size": "$31.94/1kg $14.49/1lb", "Size Label": "ea"}, {"Category": "Beef", "Aisle": "Meat", "Sku": "20046399_KG", "Regular Price": "None", "Sale Price": "6.88", "Image": "https://assets.shop.loblaws.ca/products/20046399/b1/en/front/20046399_front_a01_@2.png", "Brand": null, "Url": "https://www.maxi.ca/medium-ground-pork-veal/p/20046399_KG", "Sub Category": null, "English Name": "Medium Ground Pork & Veal", "Size": "$6.19/1lb $13.65/1kg", "Size Label": "ea"}, {"Category": "Beef", "Aisle": "Meat", "Sku": "21125145_EA", "Regular Price": "None", "Sale Price": "9.29", "Image": "https://assets.shop.loblaws.ca/products/21125145/b1/en/front/21125145_front_a01_@2.png", "Brand": null, "Url": "https://www.maxi.ca/lean-ground-beef/p/21125145_EA", "Sub Category": null, "English Name": "Lean Ground Beef ", "Size": "500 g", "Size Label": "ea"}, {"Category": "Beef", "Aisle": "Meat", "Sku": "20941343_EA", "Regular Price": "None", "Sale Price": "15.99", "Image": "https://assets.shop.loblaws.ca/products/20941343/b1/en/front/20941343_front_a01_@2.png", "Brand": "President's Choice", "Url": "https://www.maxi.ca/thick-juicy-beef-burgers/p/20941343_EA", "Sub Category": null, "English Name": "Thick &\u00a0Juicy\u2122\u00a0Beef Burgers\u00a0\u00a0", "Size": "1.36 kg", "Size Label": "ea"}, {"Category": "Beef", "Aisle": "Meat", "Sku": "21235592_EA", "Regular Price": "None", "Sale Price": "11.99", "Image": "https://assets.shop.loblaws.ca/products/21235592/b1/en/front/21235592_front_a01_@2.png", "Brand": "Gibiers Canabec", "Url": "https://www.maxi.ca/rabbit-chinese-fondue/p/21235592_EA", "Sub Category": null, "English Name": "Rabbit Chinese Fondue", "Size": "150 g", "Size Label": "ea"}, {"Category": "Beef", "Aisle": "Meat", "Sku": "21235588_EA", "Regular Price": "None", "Sale Price": "15.99", "Image": "https://assets.shop.loblaws.ca/products/21235588/b1/en/front/21235588_front_a01_@2.png", "Brand": "Gibiers Canabec", "Url": "https://www.maxi.ca/thinly-sliced-bison/p/21235588_EA", "Sub Category": null, "English Name": "Thinly Sliced Bison", "Size": "200 g", "Size Label": "ea"}, {"Category": "Beef", "Aisle": "Meat", "Sku": "20114154_EA", "Regular Price": "None", "Sale Price": "15.99", "Image": "https://assets.shop.loblaws.ca/products/20114154/b1/en/front/20114154_front_a01_@2.png", "Brand": "No Name", "Url": "https://www.maxi.ca/beef-burger-4-oz/p/20114154_EA", "Sub Category": null, "English Name": "Beef Burger 4 Oz", "Size": "1.36 kg", "Size Label": "ea"}, {"Category": "Beef", "Aisle": "Meat", "Sku": "21407452_EA", "Regular Price": "None", "Sale Price": "15.99", "Image": "https://assets.shop.loblaws.ca/products/21407452/b1/en/front/21407452_front_a01_@2.png", "Brand": "Alpha", "Url": "https://www.maxi.ca/beef-striploin-steak/p/21407452_EA", "Sub Category": null, "English Name": "Beef Striploin Steak ", "Size": "280 g", "Size Label": "ea"}, {"Category": "Beef", "Aisle": "Meat", "Sku": "21549700_EA", "Regular Price": "None", "Sale Price": "14.99", "Image": "https://assets.shop.loblaws.ca/products/21549700/b1/en/front/21549700_front_a01_@2.png", "Brand": "BOEUF QUEBEC", "Url": "https://www.maxi.ca/lean-ground-beef/p/21549700_EA", "Sub Category": null, "English Name": "Lean Ground Beef", "Size": "908 g", "Size Label": "ea"}, {"Category": "Beef", "Aisle": "Meat", "Sku": "20806202_KG", "Regular Price": "None", "Sale Price": "13.78", "Image": "https://assets.shop.loblaws.ca/products/20806202/b1/en/front/20806202_front_a01_@2.png", "Brand": null, "Url": "https://www.maxi.ca/cap-off-rib-steak-bbq/p/20806202_KG", "Sub Category": null, "English Name": "Cap Off Rib Steak, BBQ", "Size": "$41.87/1kg $19.00/1lb", "Size Label": "ea"}, {"Category": "Beef", "Aisle": "Meat", "Sku": "21457411_KG", "Regular Price": "None", "Sale Price": "37.46", "Image": "https://assets.loblaws.ca/pcx_bronx_fe_assets/images/common/coming-soon-en-web.png", "Brand": null, "Url": "https://www.maxi.ca/striploin-steak-aa/p/21457411_KG", "Sub Category": null, "English Name": "Striploin Steak AA", "Size": "$37.46/1kg", "Size Label": "ea"}, {"Category": "Beef", "Aisle": "Meat", "Sku": "20120023_KG", "Regular Price": "None", "Sale Price": "12.83", "Image": "https://assets.shop.loblaws.ca/products/20120023/b1/en/front/20120023_front_a01_@2.png", "Brand": null, "Url": "https://www.maxi.ca/inside-round-steak-club-pack/p/20120023_KG", "Sub Category": null, "English Name": "Inside Round Steak, Club Pack", "Size": "$13.99/1lb $30.84/1kg", "Size Label": "ea"}, {"Category": "Beef", "Aisle": "Meat", "Sku": "21235578_EA", "Regular Price": "None", "Sale Price": "13.99", "Image": "https://assets.shop.loblaws.ca/products/21235578/b1/en/front/21235578_front_a01_@2.png", "Brand": "Gibiers Canabec", "Url": "https://www.maxi.ca/thinly-sliced-lamb/p/21235578_EA", "Sub Category": null, "English Name": "Thinly Sliced Lamb", "Size": "200 g", "Size Label": "ea"}, {"Category": "Beef", "Aisle": "Meat", "Sku": "21219161_EA", "Regular Price": "None", "Sale Price": "10.00", "Image": "https://assets.shop.loblaws.ca/products/21219161/b1/en/front/21219161_front_a01_@2.png", "Brand": null, "Url": "https://www.maxi.ca/lean-ground-beef-club-pack/p/21219161_EA", "Sub Category": null, "English Name": "Lean Ground Beef Club Pack", "Size": "1.2 kg", "Size Label": "ea"}, {"Category": "Beef", "Aisle": "Meat", "Sku": "20078218_KG", "Regular Price": "None", "Sale Price": "14.64", "Image": "https://assets.shop.loblaws.ca/products/20078218/b1/en/front/20078218_front_a01_@2.png", "Brand": null, "Url": "https://www.maxi.ca/inside-round-beef-diced-for-kebab/p/20078218_KG", "Sub Category": null, "English Name": "Inside Round Beef Diced for kebab", "Size": "$13.99/1lb $30.84/1kg", "Size Label": "ea"}, {"Category": "Beef", "Aisle": "Meat", "Sku": "21210218_EA", "Regular Price": "None", "Sale Price": "10.00", "Image": "https://assets.shop.loblaws.ca/products/21210218/b1/en/front/21210218_front_a01_@2.png", "Brand": "Al Safa", "Url": "https://www.maxi.ca/certified-lean-ground-beef/p/21210218_EA", "Sub Category": null, "English Name": "Certified Lean Ground Beef", "Size": "908 g", "Size Label": "ea"}, {"Category": "Beef", "Aisle": "Meat", "Sku": "21311821_EA", "Regular Price": "None", "Sale Price": "8.99", "Image": "https://assets.shop.loblaws.ca/products/21311821/b1/en/front/21311821_front_a01_@2.png", "Brand": "President's Choice", "Url": "https://www.maxi.ca/pork-hot-pot-sliced-pork-shoulder/p/21311821_EA", "Sub Category": null, "English Name": "Pork Hot Pot Sliced Pork Shoulder", "Size": "250 g", "Size Label": "ea"}, {"Category": "Beef", "Aisle": "Meat", "Sku": "21438712_EA", "Regular Price": "None", "Sale Price": "22.99", "Image": "https://assets.shop.loblaws.ca/products/21438712/b1/en/front/21438712_front_a01_@2.png", "Brand": null, "Url": "https://www.maxi.ca/trio-meats-beef-chicken-pork/p/21438712_EA", "Sub Category": null, "English Name": "Trio Meats Beef Chicken Pork", "Size": "750 g", "Size Label": "ea"}, {"Category": "Beef", "Aisle": "Meat", "Sku": "21395528_EA", "Regular Price": "None", "Sale Price": "10.00", "Image": "https://assets.loblaws.ca/pcx_bronx_fe_assets/images/common/coming-soon-en-web.png", "Brand": "Alpha", "Url": "https://www.maxi.ca/fresh-beef-burger/p/21395528_EA", "Sub Category": null, "English Name": "Fresh Beef Burger", "Size": "568 g", "Size Label": "ea"}, {"Category": "Beef", "Aisle": "Meat", "Sku": "20074419_KG", "Regular Price": "None", "Sale Price": "6.10", "Image": "https://assets.shop.loblaws.ca/products/20074419/b1/en/front/20074419_front_a01_@2.png", "Brand": null, "Url": "https://www.maxi.ca/beef-liver/p/20074419_KG", "Sub Category": null, "English Name": "Beef Liver", "Size": "$13.21/1kg $5.99/1lb", "Size Label": "ea"}, {"Category": "Beef", "Aisle": "Meat", "Sku": "21399687_EA", "Regular Price": "None", "Sale Price": "10.99", "Image": "https://assets.shop.loblaws.ca/products/21399687/b1/en/front/21399687_front_a01_@2.png", "Brand": "Alpha", "Url": "https://www.maxi.ca/beef-sirloin/p/21399687_EA", "Sub Category": null, "English Name": "Beef Sirloin", "Size": "225 g", "Size Label": "ea"}, {"Category": "Beef", "Aisle": "Meat", "Sku": "21391578_EA", "Regular Price": "None", "Sale Price": "16.99", "Image": "https://assets.shop.loblaws.ca/products/21391578/b1/en/front/21391578_front_a01_@2.png", "Brand": null, "Url": "https://www.maxi.ca/beef-tenderloin/p/21391578_EA", "Sub Category": null, "English Name": "Beef Tenderloin", "Size": "170 g", "Size Label": "ea"}, {"Category": "Beef", "Aisle": "Meat", "Sku": "21543681_EA", "Regular Price": "None", "Sale Price": "8.00", "Image": "https://assets.shop.loblaws.ca/products/21543681/b1/en/front/21543681_front_a01_@2.png", "Brand": null, "Url": "https://www.maxi.ca/medium-ground-beef-club-pack/p/21543681_EA", "Sub Category": null, "English Name": "Medium Ground Beef, Club Pack", "Size": "1.1 kg", "Size Label": "ea"}, {"Category": "Beef", "Aisle": "Meat", "Sku": "21311826_EA", "Regular Price": "None", "Sale Price": "9.99", "Image": "https://assets.shop.loblaws.ca/products/21311826/b1/en/front/21311826_front_a01_@2.png", "Brand": "President's Choice", "Url": "https://www.maxi.ca/chicken-hot-pot-sliced-chicken-breast/p/21311826_EA", "Sub Category": null, "English Name": "Chicken Hot Pot Sliced Chicken Breast", "Size": "250 g", "Size Label": "ea"}, {"Category": "Beef", "Aisle": "Meat", "Sku": "20118691_KG", "Regular Price": "None", "Sale Price": "9.20", "Image": "https://assets.shop.loblaws.ca/products/20118691/b1/en/front/20118691_front_a01_@2.png", "Brand": null, "Url": "https://www.maxi.ca/strip-loin-steak-bbq/p/20118691_KG", "Sub Category": null, "English Name": "Strip Loin Steak, BBQ", "Size": "$17.00/1lb $37.46/1kg", "Size Label": "ea"}, {"Category": "Beef", "Aisle": "Meat", "Sku": "21002220_KG", "Regular Price": "None", "Sale Price": "20.96", "Image": "https://assets.shop.loblaws.ca/products/21002220/b1/en/front/21002220_front_a01_@2.png", "Brand": null, "Url": "https://www.maxi.ca/outside-round-roast-beef/p/21002220_KG", "Sub Category": null, "English Name": "Outside Round Roast Beef", "Size": "$17.61/1kg $7.99/1lb", "Size Label": "ea"}, {"Category": "Beef", "Aisle": "Meat", "Sku": "20251759_KG", "Regular Price": "None", "Sale Price": "16.95", "Image": "https://assets.shop.loblaws.ca/products/20251759/b1/en/front/20251759_front_a01_@2.png", "Brand": null, "Url": "https://www.maxi.ca/extra-lean-ground-beef-club-pack/p/20251759_KG", "Sub Category": null, "English Name": "Extra Lean Ground Beef, Club Pack", "Size": "$13.87/1kg $6.29/1lb", "Size Label": "ea"}, {"Category": "Beef", "Aisle": "Meat", "Sku": "20122194_KG", "Regular Price": "None", "Sale Price": "13.69", "Image": "https://assets.shop.loblaws.ca/products/20122194/b1/en/front/20122194_front_a01_@2.png", "Brand": null, "Url": "https://www.maxi.ca/cross-rib-beef-steak-boneless/p/20122194_KG", "Sub Category": null, "English Name": "Cross Rib Beef Steak, Boneless", "Size": "$11.49/1lb $25.33/1kg", "Size Label": "ea"}, {"Category": "Beef", "Aisle": "Meat", "Sku": "20111475_KG", "Regular Price": "None", "Sale Price": "8.51", "Image": "https://assets.shop.loblaws.ca/products/20111475/b1/en/front/20111475_front_a01_@2.png", "Brand": null, "Url": "https://www.maxi.ca/inside-round-steak-frenched/p/20111475_KG", "Sub Category": null, "English Name": "Inside Round Steak, Frenched", "Size": "$13.99/1lb $30.84/1kg", "Size Label": "ea"}, {"Category": "Beef", "Aisle": "Meat", "Sku": "21345429_EA", "Regular Price": "None", "Sale Price": "15.99", "Image": "https://assets.shop.loblaws.ca/products/21345429/b1/en/front/21345429_front_a01_@2.png", "Brand": "Plaisirs Gastronomiques", "Url": "https://www.maxi.ca/swedish-meatballs/p/21345429_EA", "Sub Category": null, "English Name": "Swedish Meatballs", "Size": "500 g", "Size Label": "ea"}, {"Category": "Beef", "Aisle": "Meat", "Sku": "21219108_KG", "Regular Price": "None", "Sale Price": "13.09", "Image": "https://assets.shop.loblaws.ca/products/21219108/b1/en/front/21219108_front_a01_@2.png", "Brand": "President's Choice", "Url": "https://www.maxi.ca/free-from-striploin-steak/p/21219108_KG", "Sub Category": null, "English Name": "Free From Striploin Steak", "Size": "$48.48/1kg $22.00/1lb", "Size Label": "ea"}, {"Category": "Beef", "Aisle": "Meat", "Sku": "21125200_EA", "Regular Price": "None", "Sale Price": "7.89", "Image": "https://assets.shop.loblaws.ca/products/21125200/b1/en/front/21125200_front_a01_@2.png", "Brand": null, "Url": "https://www.maxi.ca/medium-ground-beef/p/21125200_EA", "Sub Category": null, "English Name": "Medium Ground Beef", "Size": "500 g", "Size Label": "ea"}, {"Category": "Beef", "Aisle": "Meat", "Sku": "20803994_EA", "Regular Price": "None", "Sale Price": "7.99", "Image": "https://assets.shop.loblaws.ca/products/20803994/b1/en/front/20803994_front_a01_@2.png", "Brand": "Royal", "Url": "https://www.maxi.ca/beef-fondue/p/20803994_EA", "Sub Category": null, "English Name": "Beef Fondue     ", "Size": "300 g", "Size Label": "ea"}, {"Category": "Beef", "Aisle": "Meat", "Sku": "20164839_KG", "Regular Price": "None", "Sale Price": "11.86", "Image": "https://assets.shop.loblaws.ca/products/20164839/b1/en/front/20164839_front_a01_@2.png", "Brand": null, "Url": "https://www.maxi.ca/beef-honeycomb-tripe/p/20164839_KG", "Sub Category": null, "English Name": "Beef Honeycomb Tripe", "Size": "$13.21/1kg $5.99/1lb", "Size Label": "ea"}, {"Category": "Beef", "Aisle": "Meat", "Sku": "21547197_KG", "Regular Price": "None", "Sale Price": "67.25", "Image": "https://assets.shop.loblaws.ca/products/21547197/b1/en/front/21547197_front_a01_@2.png", "Brand": null, "Url": "https://www.maxi.ca/beef-bone-in-rib-steak-frenched/p/21547197_KG", "Sub Category": null, "English Name": "Beef Bone-in Rib Steak, Frenched", "Size": "$50.68/1kg $22.99/1lb", "Size Label": "ea"}, {"Category": "Beef", "Aisle": "Meat", "Sku": "20805352_KG", "Regular Price": "None", "Sale Price": "11.99", "Image": "https://assets.shop.loblaws.ca/products/20805352/b1/en/front/20805352_front_a01_@2.png", "Brand": null, "Url": "https://www.maxi.ca/boneless-stew-beef/p/20805352_KG", "Sub Category": null, "English Name": "Boneless Stew Beef", "Size": "$10.99/1lb $24.23/1kg", "Size Label": "ea"}, {"Category": "Beef", "Aisle": "Meat", "Sku": "21219128_KG", "Regular Price": "None", "Sale Price": "16.26", "Image": "https://assets.shop.loblaws.ca/products/21219128/b1/en/front/21219128_front_a01_@2.png", "Brand": "President's Choice", "Url": "https://www.maxi.ca/free-from-flank-steak/p/21219128_KG", "Sub Category": null, "English Name": "Free From Flank Steak", "Size": "$17.99/1lb $39.65/1kg", "Size Label": "ea"}, {"Category": "Beef", "Aisle": "Meat", "Sku": "21305754_EA", "Regular Price": "None", "Sale Price": "10.99", "Image": "https://assets.shop.loblaws.ca/products/21305754/b1/en/front/21305754_front_a01_@2.png", "Brand": "President's Choice", "Url": "https://www.maxi.ca/beef-hot-pot-sliced-beef-rib-eye/p/21305754_EA", "Sub Category": null, "English Name": "Beef Hot Pot Sliced Beef Rib Eye", "Size": "250 g", "Size Label": "ea"}, {"Category": "Beef", "Aisle": "Meat", "Sku": "20154183_KG", "Regular Price": "None", "Sale Price": "8.30", "Image": "https://assets.shop.loblaws.ca/products/20154183/b1/en/front/20154183_front_a01_@2.png", "Brand": null, "Url": "https://www.maxi.ca/inside-round-steak-black-pepper/p/20154183_KG", "Sub Category": null, "English Name": "Inside Round Steak, Black Pepper", "Size": "$13.99/1lb $30.84/1kg", "Size Label": "ea"}, {"Category": "Beef", "Aisle": "Meat", "Sku": "20168868_KG", "Regular Price": "None", "Sale Price": "29.63", "Image": "https://assets.shop.loblaws.ca/products/20168868/b1/en/front/20168868_front_a01_@2.png", "Brand": null, "Url": "https://www.maxi.ca/beef-rib-steak-bbq-club-pack/p/20168868_KG", "Sub Category": null, "English Name": "Beef Rib Steak Bbq, Club Pack", "Size": "$13.19/1lb $29.08/1kg", "Size Label": "ea"}, {"Category": "Beef", "Aisle": "Meat", "Sku": "21446169_EA", "Regular Price": "None", "Sale Price": "10.99", "Image": "https://assets.shop.loblaws.ca/products/21446169/b1/en/front/21446169_front_a01_@2.png", "Brand": "President's Choice", "Url": "https://www.maxi.ca/kofta-beef-meatballs/p/21446169_EA", "Sub Category": null, "English Name": "Kofta Beef Meatballs", "Size": "454 g", "Size Label": "ea"}, {"Category": "Beef", "Aisle": "Meat", "Sku": "21235574_EA", "Regular Price": "None", "Sale Price": "8.99", "Image": "https://assets.shop.loblaws.ca/products/21235574/b1/en/front/21235574_front_a01_@2.png", "Brand": "Gibiers Canabec", "Url": "https://www.maxi.ca/chinese-fondue/p/21235574_EA", "Sub Category": null, "English Name": "Chinese Fondue", "Size": "200 g", "Size Label": "ea"}, {"Category": "Beef", "Aisle": "Meat", "Sku": "20868741_EA", "Regular Price": "None", "Sale Price": "16.99", "Image": "https://assets.shop.loblaws.ca/products/20868741/b1/en/front/20868741_front_a01_@2.png", "Brand": "Royal", "Url": "https://www.maxi.ca/beef-fondue/p/20868741_EA", "Sub Category": null, "English Name": "Beef Fondue     ", "Size": "3x250.0 g", "Size Label": "ea"}, {"Category": "Beef", "Aisle": "Meat", "Sku": "20806407_KG", "Regular Price": "None", "Sale Price": "29.51", "Image": "https://assets.shop.loblaws.ca/products/20806407/b1/en/front/20806407_front_a01_@2.png", "Brand": null, "Url": "https://www.maxi.ca/top-sirloin-roast/p/20806407_KG", "Sub Category": null, "English Name": "Top Sirloin Roast", "Size": "$13.99/1lb $30.84/1kg", "Size Label": "ea"}, {"Category": "Beef", "Aisle": "Meat", "Sku": "21235585_EA", "Regular Price": "None", "Sale Price": "14.99", "Image": "https://assets.shop.loblaws.ca/products/21235585/b1/en/front/21235585_front_a01_@2.png", "Brand": "Gibiers Canabec", "Url": "https://www.maxi.ca/deer-chinese-fondue/p/21235585_EA", "Sub Category": null, "English Name": "Deer Chinese Fondue", "Size": "200 g", "Size Label": "ea"}, {"Category": "Beef", "Aisle": "Meat", "Sku": "20012812_KG", "Regular Price": "None", "Sale Price": "26.58", "Image": "https://assets.shop.loblaws.ca/products/20012812/b1/en/front/20012812_front_a01_@2.png", "Brand": null, "Url": "https://www.maxi.ca/european-round-roast-european-beef/p/20012812_KG", "Sub Category": null, "English Name": "European Round Roast European Beef", "Size": "$12.99/1lb $28.64/1kg", "Size Label": "ea"}, {"Category": "Beef", "Aisle": "Meat", "Sku": "20147228_KG", "Regular Price": "None", "Sale Price": "6.92", "Image": "https://assets.shop.loblaws.ca/products/20147228/b1/en/front/20147228_front_a01_@2.png", "Brand": null, "Url": "https://www.maxi.ca/shank-center-cut-with-bone/p/20147228_KG", "Sub Category": null, "English Name": "Shank Center Cut with Bone", "Size": "$19.82/1kg $8.99/1lb", "Size Label": "ea"}, {"Category": "Beef", "Aisle": "Meat", "Sku": "20897009_KG", "Regular Price": "None", "Sale Price": "17.04", "Image": "https://assets.shop.loblaws.ca/products/20897009/b1/en/front/20897009_front_a01_@2.png", "Brand": null, "Url": "https://www.maxi.ca/lean-ground-beef-pork-club-pack/p/20897009_KG", "Sub Category": null, "English Name": "Lean Ground Beef & Pork, Club Pack", "Size": "$13.21/1kg $5.99/1lb", "Size Label": "ea"}, {"Category": "Beef", "Aisle": "Meat", "Sku": "20111485_KG", "Regular Price": "None", "Sale Price": "14.88", "Image": "https://assets.shop.loblaws.ca/products/20111485/b1/en/front/20111485_front_a01_@2.png", "Brand": null, "Url": "https://www.maxi.ca/medium-ground-pork-veal-ecomony/p/20111485_KG", "Sub Category": null, "English Name": "Medium Ground Pork & Veal, Ecomony", "Size": "$11.00/1kg $4.99/1lb", "Size Label": "ea"}, {"Category": "Beef", "Aisle": "Meat", "Sku": "21219283_KG", "Regular Price": "None", "Sale Price": "20.33", "Image": "https://assets.shop.loblaws.ca/products/21219283/b1/en/front/21219283_front_a01_@2.png", "Brand": "President's Choice", "Url": "https://www.maxi.ca/free-from-boneless-blade-roast-beef/p/21219283_KG", "Sub Category": null, "English Name": "Free From Boneless Blade Roast Beef", "Size": "$28.63/1kg $12.99/1lb", "Size Label": "ea"}, {"Category": "Beef", "Aisle": "Meat", "Sku": "21235582_EA", "Regular Price": "None", "Sale Price": "11.99", "Image": "https://assets.shop.loblaws.ca/products/21235582/b1/en/front/21235582_front_a01_@2.png", "Brand": "Gibiers Canabec", "Url": "https://www.maxi.ca/duck-thinly-sliced/p/21235582_EA", "Sub Category": null, "English Name": "Duck Thinly Sliced", "Size": "200 g", "Size Label": "ea"}, {"Category": "Beef", "Aisle": "Meat", "Sku": "20022500_KG", "Regular Price": "None", "Sale Price": "29.96", "Image": "https://assets.shop.loblaws.ca/products/20022500/b1/en/front/20022500_front_a01_@2.png", "Brand": null, "Url": "https://www.maxi.ca/steak-strip-loin-regular-cut/p/20022500_KG", "Sub Category": null, "English Name": "Steak Strip Loin Regular Cut", "Size": "$15.99/1lb $35.25/1kg", "Size Label": "ea"}, {"Category": "Beef", "Aisle": "Meat", "Sku": "21397283_EA", "Regular Price": "None", "Sale Price": "7.00", "Image": "https://assets.shop.loblaws.ca/products/21397283/b1/en/front/21397283_front_a01_@2.png", "Brand": "Sufra", "Url": "https://www.maxi.ca/lean-beef/p/21397283_EA", "Sub Category": null, "English Name": "Lean Beef", "Size": "454 g", "Size Label": "ea"}, {"Category": "Beef", "Aisle": "Meat", "Sku": "21125182_EA", "Regular Price": "None", "Sale Price": "10.49", "Image": "https://assets.shop.loblaws.ca/products/21125182/b1/en/front/21125182_front_a01_@2.png", "Brand": null, "Url": "https://www.maxi.ca/extra-lean-ground-beef-500g/p/21125182_EA", "Sub Category": null, "English Name": "Extra Lean Ground Beef (500G)", "Size": "500 g", "Size Label": "ea"}, {"Category": "Beef", "Aisle": "Meat", "Sku": "20941224_EA", "Regular Price": "None", "Sale Price": "15.99", "Image": "https://assets.shop.loblaws.ca/products/20941224/b1/en/front/20941224_front_a01_@2.png", "Brand": "PC Blue Menu", "Url": "https://www.maxi.ca/thick-juicy-lean-beef-burgers/p/20941224_EA", "Sub Category": null, "English Name": "Thick &\u00a0Juicy\u2122\u00a0Lean Beef Burgers\u00a0\u00a0", "Size": "1.13 kg", "Size Label": "ea"}, {"Category": "Beef", "Aisle": "Meat", "Sku": "21522754_EA", "Regular Price": "None", "Sale Price": "15.99", "Image": "https://assets.shop.loblaws.ca/products/21522754/b1/en/front/21522754_front_a01_@2.png", "Brand": "PC Black Label", "Url": "https://www.maxi.ca/umami-wagyu-burgers/p/21522754_EA", "Sub Category": null, "English Name": "Umami Wagyu Burgers", "Size": "568 g", "Size Label": "ea"}, {"Category": "Beef", "Aisle": "Meat", "Sku": "20767512_EA", "Regular Price": "None", "Sale Price": "22.94", "Image": "https://assets.shop.loblaws.ca/products/20767512/b1/en/front/20767512_front_a01_@2.png", "Brand": "Butcher's Choice", "Url": "https://www.maxi.ca/beef-burger-club-pack/p/20767512_EA", "Sub Category": null, "English Name": "Beef Burger, Club Pack", "Size": "2.27 kg", "Size Label": "ea"}, {"Category": "Beef", "Aisle": "Meat", "Sku": "20148240_EA", "Regular Price": "None", "Sale Price": "16.99", "Image": "https://assets.shop.loblaws.ca/products/20148240/b1/en/front/20148240_front_a01_@2.png", "Brand": "PC Blue Menu", "Url": "https://www.maxi.ca/italian-beef-meatballs/p/20148240_EA", "Sub Category": null, "English Name": "Italian Beef Meatballs", "Size": "907 g", "Size Label": "ea"}, {"Category": "Beef", "Aisle": "Meat", "Sku": "20766235_EA", "Regular Price": "None", "Sale Price": "15.99", "Image": "https://assets.shop.loblaws.ca/products/20766235/b1/en/front/20766235_front_a01_@2.png", "Brand": "PC Black Label", "Url": "https://www.maxi.ca/wagyu-beef-burgers/p/20766235_EA", "Sub Category": null, "English Name": "Wagyu Beef Burgers", "Size": "568 g", "Size Label": "ea"}, {"Category": "Beef", "Aisle": "Meat", "Sku": "21547041_EA", "Regular Price": "None", "Sale Price": "16.99", "Image": "https://assets.shop.loblaws.ca/products/21547041/b1/en/front/21547041_front_a01_@2.png", "Brand": "President's Choice", "Url": "https://www.maxi.ca/holiday-feast-turkey-stuffing-burgers/p/21547041_EA", "Sub Category": null, "English Name": "Holiday Feast Turkey Stuffing Burgers ", "Size": "568 g", "Size Label": "ea"}, {"Category": "Beef", "Aisle": "Meat", "Sku": "20805351_KG", "Regular Price": "None", "Sale Price": "19.89", "Image": "https://assets.shop.loblaws.ca/products/20805351/b1/en/front/20805351_front_a01_@2.png", "Brand": null, "Url": "https://www.maxi.ca/blade-roast-boneless/p/20805351_KG", "Sub Category": null, "English Name": "Blade Roast, Boneless", "Size": "$10.99/1lb $24.23/1kg", "Size Label": "ea"}, {"Category": "Beef", "Aisle": "Meat", "Sku": "21339977_EA", "Regular Price": "None", "Sale Price": "8.99", "Image": "https://assets.shop.loblaws.ca/products/21339977/b1/en/front/21339977_front_a01_@2.png", "Brand": null, "Url": "https://www.maxi.ca/lean-ground-beef/p/21339977_EA", "Sub Category": null, "English Name": "Lean Ground Beef", "Size": "454 g", "Size Label": "ea"}, {"Category": "Beef", "Aisle": "Meat", "Sku": "21403522_EA", "Regular Price": "None", "Sale Price": "6.99", "Image": "https://assets.shop.loblaws.ca/products/21403522/b1/en/front/21403522_front_a01_@2.png", "Brand": "Impossible Foods Inc.", "Url": "https://www.maxi.ca/simulated-meat-burger-patties-made-from-plants/p/21403522_EA", "Sub Category": null, "English Name": "Simulated Meat Burger Patties Made From Plants", "Size": "226 g", "Size Label": "ea"}, {"Category": "Beef", "Aisle": "Meat", "Sku": "21339979_EA", "Regular Price": "None", "Sale Price": "17.99", "Image": "https://assets.shop.loblaws.ca/products/21339979/b1/en/front/21339979_front_a01_@2.png", "Brand": null, "Url": "https://www.maxi.ca/beef-rib-steak/p/21339979_EA", "Sub Category": null, "English Name": "Beef Rib Steak", "Size": "340 g", "Size Label": "ea"}, {"Category": "Chicken & Turkey", "Aisle": "Meat", "Sku": "20004494_KG", "Regular Price": "None", "Sale Price": "11.33", "Image": "https://assets.shop.loblaws.ca/products/20004494/b1/en/front/20004494_front_a01_@2.png", "Brand": null, "Url": "https://www.maxi.ca/chicken-drumsticks-club-pack/p/20004494_KG", "Sub Category": null, "English Name": "Chicken Drumsticks, Club Pack", "Size": "$11.00/1kg $4.99/1lb", "Size Label": "ea"}, {"Category": "Chicken & Turkey", "Aisle": "Meat", "Sku": "21100092_EA", "Regular Price": "None", "Sale Price": "8.00", "Image": "https://assets.shop.loblaws.ca/products/21100092/b1/en/front/21100092_front_a01_@2.png", "Brand": "PC Blue Menu", "Url": "https://www.maxi.ca/minced-turkey/p/21100092_EA", "Sub Category": null, "English Name": "Minced Turkey", "Size": "454 g", "Size Label": "ea"}, {"Category": "Chicken & Turkey", "Aisle": "Meat", "Sku": "21100091_EA", "Regular Price": "None", "Sale Price": "8.00", "Image": "https://assets.shop.loblaws.ca/products/21100091/b1/en/front/21100091_front_a01_@2.png", "Brand": "PC Blue Menu", "Url": "https://www.maxi.ca/ground-chicken/p/21100091_EA", "Sub Category": null, "English Name": "Ground Chicken", "Size": "454 g", "Size Label": "ea"}, {"Category": "Chicken & Turkey", "Aisle": "Meat", "Sku": "20028450_KG", "Regular Price": "None", "Sale Price": "20.80", "Image": "https://assets.shop.loblaws.ca/products/20028450/b1/en/front/20028450_front_a01_@2.png", "Brand": null, "Url": "https://www.maxi.ca/chicken-breast-boneless-skinless-club-pack/p/20028450_KG", "Sub Category": null, "English Name": "Chicken Breast Boneless Skinless Club Pack", "Size": "$17.61/1kg $7.99/1lb", "Size Label": "ea"}, {"Category": "Chicken & Turkey", "Aisle": "Meat", "Sku": "20069078_KG", "Regular Price": "None", "Sale Price": "11.45", "Image": "https://assets.shop.loblaws.ca/products/20069078/b1/en/front/20069078_front_a01_@2.png", "Brand": "President's Choice", "Url": "https://www.maxi.ca/free-from-chicken-breast-boneless-skinless/p/20069078_KG", "Sub Category": null, "English Name": "Free From Chicken Breast, Boneless, Skinless", "Size": "$22.02/1kg $9.99/1lb", "Size Label": "ea"}, {"Category": "Chicken & Turkey", "Aisle": "Meat", "Sku": "20153925_KG", "Regular Price": "None", "Sale Price": "13.09", "Image": "https://assets.shop.loblaws.ca/products/20153925/b1/en/front/20153925_front_a01_@2.png", "Brand": null, "Url": "https://www.maxi.ca/chicken-leg-back-attached-club-pack/p/20153925_KG", "Sub Category": null, "English Name": "Chicken Leg (Back Attached) , Club Pack", "Size": "$11.00/1kg $4.99/1lb", "Size Label": "ea"}, {"Category": "Chicken & Turkey", "Aisle": "Meat", "Sku": "20162170_KG", "Regular Price": "None", "Sale Price": "21.13", "Image": "https://assets.shop.loblaws.ca/products/20162170/b1/en/front/20162170_front_a01_@2.png", "Brand": null, "Url": "https://www.maxi.ca/chicken-thigh-boneless-skinless-club-pack/p/20162170_KG", "Sub Category": null, "English Name": "Chicken Thigh  Boneless Skinless Club Pack", "Size": "$17.61/1kg $7.99/1lb", "Size Label": "ea"}, {"Category": "Chicken & Turkey", "Aisle": "Meat", "Sku": "21447587_EA", "Regular Price": "None", "Sale Price": "10.00", "Image": "https://assets.shop.loblaws.ca/products/21447587/b1/en/front/21447587_front_a01_@2.png", "Brand": null, "Url": "https://www.maxi.ca/chicken-strips/p/21447587_EA", "Sub Category": null, "English Name": "Chicken Strips", "Size": "1.5 kg", "Size Label": "ea"}, {"Category": "Chicken & Turkey", "Aisle": "Meat", "Sku": "20761916_KG", "Regular Price": "None", "Sale Price": "12.69", "Image": "https://assets.shop.loblaws.ca/products/20761916/b1/en/front/20761916_front_a01_@2.png", "Brand": null, "Url": "https://www.maxi.ca/split-chicken-wings-club-pack/p/20761916_KG", "Sub Category": null, "English Name": "Split Chicken Wings, Club Pack", "Size": "$6.19/1lb $13.65/1kg", "Size Label": "ea"}, {"Category": "Chicken & Turkey", "Aisle": "Meat", "Sku": "20058163_KG", "Regular Price": "None", "Sale Price": "13.64", "Image": "https://assets.shop.loblaws.ca/products/20058163/b1/en/front/20058163_front_a01_@2.png", "Brand": null, "Url": "https://www.maxi.ca/chicken-thighs-club-pack/p/20058163_KG", "Sub Category": null, "English Name": "Chicken Thighs, Club Pack", "Size": "$11.00/1kg $4.99/1lb", "Size Label": "ea"}, {"Category": "Chicken & Turkey", "Aisle": "Meat", "Sku": "21295177_EA", "Regular Price": "None", "Sale Price": "8.00", "Image": "https://assets.shop.loblaws.ca/products/21295177/b1/en/front/21295177_front_a01_@2.png", "Brand": "Maple Leaf", "Url": "https://www.maxi.ca/boneless-skinless-chicken-breasts-raised-on-canadi/p/21295177_EA", "Sub Category": null, "English Name": "Boneless Skinless Chicken Breasts, Raised on Canadian Farms", "Size": "1 ea", "Size Label": "ea"}, {"Category": "Chicken & Turkey", "Aisle": "Meat", "Sku": "21201321_EA", "Regular Price": "None", "Sale Price": "7.99", "Image": "https://assets.shop.loblaws.ca/products/21201321/b1/en/front/21201321_front_a01_@2.png", "Brand": "President's Choice", "Url": "https://www.maxi.ca/pub-recipe-chicken-strips-fully-cooked/p/21201321_EA", "Sub Category": null, "English Name": "Pub Recipe Chicken Strips, Fully Cooked", "Size": "700 g", "Size Label": "ea"}, {"Category": "Chicken & Turkey", "Aisle": "Meat", "Sku": "20811960_EA", "Regular Price": "None", "Sale Price": "8.00", "Image": "https://assets.shop.loblaws.ca/products/20811960/b1/en/front/20811960_front_a01_@2.png", "Brand": "Maple Leaf", "Url": "https://www.maxi.ca/prime-extra-lean-ground-turkey/p/20811960_EA", "Sub Category": null, "English Name": "Prime Extra Lean Ground Turkey", "Size": "454 g", "Size Label": "ea"}, {"Category": "Chicken & Turkey", "Aisle": "Meat", "Sku": "21447595_EA", "Regular Price": "None", "Sale Price": "10.00", "Image": "https://assets.shop.loblaws.ca/products/21447595/b1/en/front/21447595_front_a01_@2.png", "Brand": null, "Url": "https://www.maxi.ca/chicken-nuggets/p/21447595_EA", "Sub Category": null, "English Name": "Chicken Nuggets", "Size": "1.5 kg", "Size Label": "ea"}, {"Category": "Chicken & Turkey", "Aisle": "Meat", "Sku": "21430678_EA", "Regular Price": "None", "Sale Price": "12.00", "Image": "https://assets.shop.loblaws.ca/products/21430678/b1/en/front/21430678_front_a01_@2.png", "Brand": "Sufra", "Url": "https://www.maxi.ca/boneless-skinless-chicken-breasts/p/21430678_EA", "Sub Category": null, "English Name": "Boneless Skinless Chicken Breasts", "Size": "645 g", "Size Label": "ea"}, {"Category": "Chicken & Turkey", "Aisle": "Meat", "Sku": "20569087_EA", "Regular Price": "None", "Sale Price": "13.00", "Image": "https://assets.shop.loblaws.ca/products/20569087/b1/en/front/20569087_front_a01_@2.png", "Brand": "Maple Leaf", "Url": "https://www.maxi.ca/boneless-skinless-chicken-breasts/p/20569087_EA", "Sub Category": null, "English Name": "Boneless Skinless Chicken Breasts", "Size": "1 ea", "Size Label": "ea"}, {"Category": "Chicken & Turkey", "Aisle": "Meat", "Sku": "20706483_EA", "Regular Price": "None", "Sale Price": "8.00", "Image": "https://assets.shop.loblaws.ca/products/20706483/b1/en/front/20706483_front_a01_@2.png", "Brand": "Maple Leaf", "Url": "https://www.maxi.ca/prime-chicken-ground-lean/p/20706483_EA", "Sub Category": null, "English Name": "Prime Chicken Ground Lean", "Size": "454 g", "Size Label": "ea"}, {"Category": "Chicken & Turkey", "Aisle": "Meat", "Sku": "21464733_EA", "Regular Price": "None", "Sale Price": "14.49", "Image": "https://assets.shop.loblaws.ca/products/21464733/b1/en/front/21464733_front_a01_@2.png", "Brand": "Flamingo", "Url": "https://www.maxi.ca/flamingo-bbq-chicken-wing/p/21464733_EA", "Sub Category": null, "English Name": "Flamingo BBQ Chicken Wing", "Size": "550 g", "Size Label": "ea"}, {"Category": "Chicken & Turkey", "Aisle": "Meat", "Sku": "21185111_EA", "Regular Price": "None", "Sale Price": "20.00", "Image": "https://assets.shop.loblaws.ca/products/21185111/b1/en/front/21185111_front_a01_@2.png", "Brand": "Maple Leaf", "Url": "https://www.maxi.ca/boneless-skinless-chicken-breasts-raised-on-canadi/p/21185111_EA", "Sub Category": null, "English Name": "Boneless Skinless Chicken Breasts, Raised on Canadian Farms", "Size": "1 ea", "Size Label": "ea"}, {"Category": "Chicken & Turkey", "Aisle": "Meat", "Sku": "21178744_EA", "Regular Price": "None", "Sale Price": "6.00", "Image": "https://assets.shop.loblaws.ca/products/21178744/b1/en/front/21178744_front_a01_@2.png", "Brand": "No Name", "Url": "https://www.maxi.ca/breaded-chicken-cutlettes-chicken-strips/p/21178744_EA", "Sub Category": null, "English Name": "Breaded Chicken Cutlettes Chicken Strips", "Size": "908 g", "Size Label": "ea"}, {"Category": "Chicken & Turkey", "Aisle": "Meat", "Sku": "20568928_EA", "Regular Price": "None", "Sale Price": "12.00", "Image": "https://assets.shop.loblaws.ca/products/20568928/b1/en/front/20568928_front_a01_@2.png", "Brand": "Maple Leaf", "Url": "https://www.maxi.ca/boneless-skinless-chicken-breasts/p/20568928_EA", "Sub Category": null, "English Name": "Boneless Skinless Chicken Breasts", "Size": "1 ea", "Size Label": "ea"}, {"Category": "Chicken & Turkey", "Aisle": "Meat", "Sku": "20969893_KG", "Regular Price": "None", "Sale Price": "11.95", "Image": "https://assets.shop.loblaws.ca/products/20969893/b1/en/front/20969893_front_a01_@2.png", "Brand": null, "Url": "https://www.maxi.ca/whole-bagged-air-chilled-chicken/p/20969893_KG", "Sub Category": null, "English Name": "Whole Bagged Air Chilled Chicken", "Size": "$7.47/1kg $3.39/1lb", "Size Label": "ea"}, {"Category": "Chicken & Turkey", "Aisle": "Meat", "Sku": "20985202_KG", "Regular Price": "None", "Sale Price": "47.67", "Image": "https://assets.shop.loblaws.ca/products/20985202/b1/en/front/20985202_front_a01_@2.png", "Brand": "President's Choice", "Url": "https://www.maxi.ca/double-stuffed-butter-infused-turkey/p/20985202_KG", "Sub Category": null, "English Name": "Double Stuffed Butter Infused Turkey", "Size": "$6.81/1kg $3.09/1lb", "Size Label": "ea"}, {"Category": "Chicken & Turkey", "Aisle": "Meat", "Sku": "21430672_EA", "Regular Price": "None", "Sale Price": "13.00", "Image": "https://assets.shop.loblaws.ca/products/21430672/b1/en/front/21430672_front_a01_@2.png", "Brand": "Sufra", "Url": "https://www.maxi.ca/chicken-thigh-club-pack/p/21430672_EA", "Sub Category": null, "English Name": "Chicken Thigh, Club Pack", "Size": "1.54 kg", "Size Label": "ea"}, {"Category": "Chicken & Turkey", "Aisle": "Meat", "Sku": "21430674_EA", "Regular Price": "None", "Sale Price": "12.00", "Image": "https://assets.shop.loblaws.ca/products/21430674/b1/en/front/21430674_front_a01_@2.png", "Brand": "Sufra", "Url": "https://www.maxi.ca/skin-on-chicken-drumsticks/p/21430674_EA", "Sub Category": null, "English Name": "Skin-on Chicken Drumsticks", "Size": "1.575 kg", "Size Label": "ea"}, {"Category": "Chicken & Turkey", "Aisle": "Meat", "Sku": "20655442_KG", "Regular Price": "None", "Sale Price": "7.62", "Image": "https://assets.shop.loblaws.ca/products/20655442/b1/en/front/20655442_front_a01_@2.png", "Brand": "President's Choice", "Url": "https://www.maxi.ca/air-chilled-turkey-drumsticks/p/20655442_KG", "Sub Category": null, "English Name": "Air Chilled Turkey Drumsticks", "Size": "$4.49/1lb $9.90/1kg", "Size Label": "ea"}, {"Category": "Chicken & Turkey", "Aisle": "Meat", "Sku": "21193668_EA", "Regular Price": "None", "Sale Price": "12.99", "Image": "https://assets.shop.loblaws.ca/products/21193668/b1/en/front/21193668_front_a01_@2.png", "Brand": "Flamingo", "Url": "https://www.maxi.ca/gluten-free-chicken-nuggets/p/21193668_EA", "Sub Category": null, "English Name": "Gluten Free Chicken Nuggets", "Size": "600 g", "Size Label": "ea"}, {"Category": "Chicken & Turkey", "Aisle": "Meat", "Sku": "20143624_KG", "Regular Price": "None", "Sale Price": "57.56", "Image": "https://assets.shop.loblaws.ca/products/20143624/b1/en/front/20143624_front_a01_@2.png", "Brand": null, "Url": "https://www.maxi.ca/frozen-utility-turkey-9-11kg/p/20143624_KG", "Sub Category": null, "English Name": "Frozen Utility Turkey, 9-11kg", "Size": "$2.77/1lb $6.11/1kg", "Size Label": "ea"}, {"Category": "Chicken & Turkey", "Aisle": "Meat", "Sku": "21119571_EA", "Regular Price": "None", "Sale Price": "10.99", "Image": "https://assets.shop.loblaws.ca/products/21119571/b1/en/front/21119571_front_a01_@2.png", "Brand": "President's Choice", "Url": "https://www.maxi.ca/butter-infused-whole-chicken/p/21119571_EA", "Sub Category": null, "English Name": "Butter Infused Whole Chicken", "Size": "1.66 kg", "Size Label": "ea"}, {"Category": "Chicken & Turkey", "Aisle": "Meat", "Sku": "21178783_EA", "Regular Price": "None", "Sale Price": "10.49", "Image": "https://assets.shop.loblaws.ca/products/21178783/b1/en/front/21178783_front_a01_@2.png", "Brand": "No Name", "Url": "https://www.maxi.ca/chicken-burger-club-pack/p/21178783_EA", "Sub Category": null, "English Name": "Chicken Burger, Club Pack", "Size": "1810 g", "Size Label": "ea"}, {"Category": "Chicken & Turkey", "Aisle": "Meat", "Sku": "20992444_KG", "Regular Price": "None", "Sale Price": "40.86", "Image": "https://assets.shop.loblaws.ca/products/20992444/b1/en/front/20992444_front_a01_@2.png", "Brand": "President's Choice", "Url": "https://www.maxi.ca/stuffed-butter-infused-turkey/p/20992444_KG", "Sub Category": null, "English Name": "Stuffed Butter Infused Turkey", "Size": "$6.81/1kg $3.09/1lb", "Size Label": "ea"}, {"Category": "Chicken & Turkey", "Aisle": "Meat", "Sku": "21456120_KG", "Regular Price": "None", "Sale Price": "18.23", "Image": "https://assets.shop.loblaws.ca/products/21456120/b1/en/front/21456120_front_a01_@2.png", "Brand": "President's Choice", "Url": "https://www.maxi.ca/world-of-flavours-chicken-southern-bbq/p/21456120_KG", "Sub Category": null, "English Name": "World of Flavours Chicken Southern BBQ", "Size": "$13.21/1kg $5.99/1lb", "Size Label": "ea"}, {"Category": "Chicken & Turkey", "Aisle": "Meat", "Sku": "21286268_EA", "Regular Price": "None", "Sale Price": "43.00", "Image": "https://assets.shop.loblaws.ca/products/21286268/b1/en/front/21286268_front_a01_@2.png", "Brand": "Butterball", "Url": "https://www.maxi.ca/frozen-stuffed-turkey-5-7-kg/p/21286268_EA", "Sub Category": null, "English Name": "Frozen Stuffed Turkey 5-7 Kg", "Size": "6 kg", "Size Label": "ea"}, {"Category": "Chicken & Turkey", "Aisle": "Meat", "Sku": "21124859_KG", "Regular Price": "None", "Sale Price": "6.86", "Image": "https://assets.shop.loblaws.ca/products/21124859/b1/en/front/21124859_front_a01_@2.png", "Brand": "President's Choice", "Url": "https://www.maxi.ca/free-from-turkey-thighs/p/21124859_KG", "Sub Category": null, "English Name": "Free From Turkey Thighs", "Size": "$11.00/1kg $4.99/1lb", "Size Label": "ea"}, {"Category": "Chicken & Turkey", "Aisle": "Meat", "Sku": "21284943_EA", "Regular Price": "None", "Sale Price": "48.00", "Image": "https://assets.shop.loblaws.ca/products/21284943/b1/en/front/21284943_front_a01_@2.png", "Brand": "President's Choice", "Url": "https://www.maxi.ca/butter-infused-young-turkey-frozen-7-9kg/p/21284943_EA", "Sub Category": null, "English Name": "Butter Infused Young Turkey - Frozen - 7-9kg", "Size": "1 kg", "Size Label": "ea"}, {"Category": "Chicken & Turkey", "Aisle": "Meat", "Sku": "20999707_KG", "Regular Price": "None", "Sale Price": "8.40", "Image": "https://assets.shop.loblaws.ca/products/20999707/b1/en/front/20999707_front_a01_@2.png", "Brand": "Sufra", "Url": "https://www.maxi.ca/halal-chicken-drumsticks-tray-pack/p/20999707_KG", "Sub Category": null, "English Name": "Halal Chicken Drumsticks, Tray Pack", "Size": "$3.79/1lb $8.36/1kg", "Size Label": "ea"}, {"Category": "Chicken & Turkey", "Aisle": "Meat", "Sku": "20126303_KG", "Regular Price": "None", "Sale Price": "11.54", "Image": "https://assets.shop.loblaws.ca/products/20126303/b1/en/front/20126303_front_a01_@2.png", "Brand": null, "Url": "https://www.maxi.ca/kosher-chicken-thighs/p/20126303_KG", "Sub Category": null, "English Name": "Kosher Chicken Thighs", "Size": "$11.66/1kg $5.29/1lb", "Size Label": "ea"}, {"Category": "Chicken & Turkey", "Aisle": "Meat", "Sku": "20310752_KG", "Regular Price": "None", "Sale Price": "8.98", "Image": "https://assets.shop.loblaws.ca/products/20310752/b1/en/front/20310752_front_a01_@2.png", "Brand": null, "Url": "https://www.maxi.ca/chicken-breast-boneless-skinless-tray-pack/p/20310752_KG", "Sub Category": null, "English Name": "Chicken Breast Boneless Skinless, Tray Pack", "Size": "$17.61/1kg $7.99/1lb", "Size Label": "ea"}, {"Category": "Chicken & Turkey", "Aisle": "Meat", "Sku": "20147949_KG", "Regular Price": "None", "Sale Price": "15.30", "Image": "https://assets.shop.loblaws.ca/products/20147949/b1/en/front/20147949_front_a01_@2.png", "Brand": "Marvid Poultry", "Url": "https://www.maxi.ca/kosher-whole-chicken-cut-4-pieces/p/20147949_KG", "Sub Category": null, "English Name": "Kosher Whole Chicken, Cut (4 Pieces)", "Size": "$4.79/1lb $10.56/1kg", "Size Label": "ea"}, {"Category": "Chicken & Turkey", "Aisle": "Meat", "Sku": "20160624_KG", "Regular Price": "None", "Sale Price": "14.01", "Image": "https://assets.shop.loblaws.ca/products/20160624/b1/en/front/20160624_front_a01_@2.png", "Brand": "Marvid Poultry", "Url": "https://www.maxi.ca/kosher-ground-chicken-dark-meat/p/20160624_KG", "Sub Category": null, "English Name": "Kosher Ground Chicken, Dark Meat", "Size": "$22.69/1kg $10.29/1lb", "Size Label": "ea"}, {"Category": "Chicken & Turkey", "Aisle": "Meat", "Sku": "20695348_KG", "Regular Price": "None", "Sale Price": "12.29", "Image": "https://assets.shop.loblaws.ca/products/20695348/b1/en/front/20695348_front_a01_@2.png", "Brand": null, "Url": "https://www.maxi.ca/chicken-breast-fillet-club-pack/p/20695348_KG", "Sub Category": null, "English Name": "Chicken Breast Fillet, Club Pack", "Size": "$19.82/1kg $8.99/1lb", "Size Label": "ea"}, {"Category": "Chicken & Turkey", "Aisle": "Meat", "Sku": "20697397_KG", "Regular Price": "None", "Sale Price": "13.87", "Image": "https://assets.shop.loblaws.ca/products/20697397/b1/en/front/20697397_front_a01_@2.png", "Brand": "Marvid Poultry", "Url": "https://www.maxi.ca/kosher-ground-chicken-dark-meat/p/20697397_KG", "Sub Category": null, "English Name": "Kosher Ground Chicken, Dark Meat", "Size": "$22.02/1kg $9.99/1lb", "Size Label": "ea"}, {"Category": "Chicken & Turkey", "Aisle": "Meat", "Sku": "20096977_KG", "Regular Price": "None", "Sale Price": "47.05", "Image": "https://assets.shop.loblaws.ca/products/20096977/b1/en/front/20096977_front_a01_@2.png", "Brand": null, "Url": "https://www.maxi.ca/frozen-utility-turkey-7-9kg/p/20096977_KG", "Sub Category": null, "English Name": "Frozen Utility Turkey, 7-9kg", "Size": "$2.77/1lb $6.11/1kg", "Size Label": "ea"}, {"Category": "Chicken & Turkey", "Aisle": "Meat", "Sku": "21464728_EA", "Regular Price": "None", "Sale Price": "14.49", "Image": "https://assets.shop.loblaws.ca/products/21464728/b1/en/front/21464728_front_a01_@2.png", "Brand": "Flamingo", "Url": "https://www.maxi.ca/chicken-wings-mild-bbq-crispy/p/21464728_EA", "Sub Category": null, "English Name": "Chicken Wings Mild Bbq & Crispy", "Size": "550 g", "Size Label": "ea"}, {"Category": "Chicken & Turkey", "Aisle": "Meat", "Sku": "21045309_EA", "Regular Price": "None", "Sale Price": "14.00", "Image": "https://assets.shop.loblaws.ca/products/21045309/b1/en/front/21045309_front_a01_@2.png", "Brand": "No Name", "Url": "https://www.maxi.ca/salt-pepper-chicken-wings/p/21045309_EA", "Sub Category": null, "English Name": "Salt & Pepper Chicken Wings", "Size": "908 g", "Size Label": "ea"}, {"Category": "Chicken & Turkey", "Aisle": "Meat", "Sku": "21045713_EA", "Regular Price": "None", "Sale Price": "14.00", "Image": "https://assets.shop.loblaws.ca/products/21045713/b1/en/front/21045713_front_a01_@2.png", "Brand": "No Name", "Url": "https://www.maxi.ca/chicken-wings-medium-bbq/p/21045713_EA", "Sub Category": null, "English Name": "Chicken Wings, Medium BBQ", "Size": "908 g", "Size Label": "ea"}, {"Category": "Chicken & Turkey", "Aisle": "Meat", "Sku": "21193626_EA", "Regular Price": "None", "Sale Price": "12.99", "Image": "https://assets.shop.loblaws.ca/products/21193626/b1/en/front/21193626_front_a01_@2.png", "Brand": "Flamingo", "Url": "https://www.maxi.ca/breaded-cutlette-chicken-breast-fully-cooked-glute/p/21193626_EA", "Sub Category": null, "English Name": "Breaded Cutlette Chicken Breast Fully Cooked Gluten Free Strip", "Size": "600 g", "Size Label": "ea"}, {"Category": "Chicken & Turkey", "Aisle": "Meat", "Sku": "21124845_KG", "Regular Price": "None", "Sale Price": "8.16", "Image": "https://assets.shop.loblaws.ca/products/21124845/b1/en/front/21124845_front_a01_@2.png", "Brand": "President's Choice", "Url": "https://www.maxi.ca/free-from-boneless-skinless-turkey-breast/p/21124845_KG", "Sub Category": null, "English Name": "Free From Boneless Skinless Turkey Breast", "Size": "$22.02/1kg $9.99/1lb", "Size Label": "ea"}, {"Category": "Chicken & Turkey", "Aisle": "Meat", "Sku": "21124845_KG", "Regular Price": "None", "Sale Price": "8.16", "Image": "https://assets.shop.loblaws.ca/products/21124845/b1/en/front/21124845_front_a01_@2.png", "Brand": "President's Choice", "Url": "https://www.maxi.ca/free-from-boneless-skinless-turkey-breast/p/21124845_KG", "Sub Category": null, "English Name": "Free From Boneless Skinless Turkey Breast", "Size": "$22.02/1kg $9.99/1lb", "Size Label": "ea"}, {"Category": "Chicken & Turkey", "Aisle": "Meat", "Sku": "21284940_EA", "Regular Price": "None", "Sale Price": "38.00", "Image": "https://assets.shop.loblaws.ca/products/21284940/b1/en/front/21284940_front_a01_@2.png", "Brand": "President's Choice", "Url": "https://www.maxi.ca/butter-infused-young-turkey-frozen-5-7-kg/p/21284940_EA", "Sub Category": null, "English Name": "Butter Infused Young Turkey - Frozen - 5-7 kg", "Size": "1 ea", "Size Label": "ea"}, {"Category": "Chicken & Turkey", "Aisle": "Meat", "Sku": "21284944_EA", "Regular Price": "None", "Sale Price": "58.00", "Image": "https://assets.shop.loblaws.ca/products/21284944/b1/en/front/21284944_front_a01_@2.png", "Brand": "President's Choice", "Url": "https://www.maxi.ca/butter-infused-young-turkey-frozen-9-11kg/p/21284944_EA", "Sub Category": null, "English Name": "Butter Infused Young Turkey, Frozen  9-11kg", "Size": "1 ea", "Size Label": "ea"}, {"Category": "Chicken & Turkey", "Aisle": "Meat", "Sku": "21454280_KG", "Regular Price": "None", "Sale Price": "13.21", "Image": "https://assets.shop.loblaws.ca/products/21454280/b1/en/front/21454280_front_a01_@2.png", "Brand": "President's Choice", "Url": "https://www.maxi.ca/world-of-flavours-chicken-drumsticks-buffalo/p/21454280_KG", "Sub Category": null, "English Name": "World of Flavours Chicken Drumsticks Buffalo", "Size": "$13.21/1kg", "Size Label": "kg"}, {"Category": "Chicken & Turkey", "Aisle": "Meat", "Sku": "21286261_EA", "Regular Price": "None", "Sale Price": "58.00", "Image": "https://assets.shop.loblaws.ca/products/21286261/b1/en/front/21286261_front_a01_@2.png", "Brand": "Butterball", "Url": "https://www.maxi.ca/turkey-9-11kg-frozen/p/21286261_EA", "Sub Category": null, "English Name": "Turkey, 9-11KG Frozen", "Size": "10 kg", "Size Label": "ea"}, {"Category": "Chicken & Turkey", "Aisle": "Meat", "Sku": "21284926_EA", "Regular Price": "None", "Sale Price": "28.00", "Image": "https://assets.shop.loblaws.ca/products/21284926/b1/en/front/21284926_front_a01_@2.png", "Brand": "President's Choice", "Url": "https://www.maxi.ca/butter-infused-young-turkey-frozen-3-5-kg/p/21284926_EA", "Sub Category": null, "English Name": "Butter Infused Young Turkey - Frozen - 3-5 kg", "Size": "1 kg", "Size Label": "ea"}, {"Category": "Chicken & Turkey", "Aisle": "Meat", "Sku": "20697391_KG", "Regular Price": "None", "Sale Price": "9.90", "Image": "https://assets.shop.loblaws.ca/products/20697391/b1/en/front/20697391_front_a01_@2.png", "Brand": "Marvid Poultry", "Url": "https://www.maxi.ca/kosher-frozen-chicken-legs/p/20697391_KG", "Sub Category": null, "English Name": "Kosher Frozen Chicken Legs", "Size": "$11.00/1kg $4.99/1lb", "Size Label": "ea"}, {"Category": "Chicken & Turkey", "Aisle": "Meat", "Sku": "20168158_KG", "Regular Price": "None", "Sale Price": "11.77", "Image": "https://assets.shop.loblaws.ca/products/20168158/b1/en/front/20168158_front_a01_@2.png", "Brand": null, "Url": "https://www.maxi.ca/chicken-wing-club-pack/p/20168158_KG", "Sub Category": null, "English Name": "Chicken Wing, Club Pack", "Size": "$11.00/1kg $4.99/1lb", "Size Label": "ea"}, {"Category": "Chicken & Turkey", "Aisle": "Meat", "Sku": "20795113_EA", "Regular Price": "None", "Sale Price": "14.99", "Image": "https://assets.shop.loblaws.ca/products/20795113/b1/en/front/20795113_front_a01_@2.png", "Brand": "President's Choice", "Url": "https://www.maxi.ca/easy-carve-chicken-breast-roast-with-savoury-apple/p/20795113_EA", "Sub Category": null, "English Name": "Easy Carve Chicken Breast Roast With Savoury Apple Stuffing", "Size": "1 kg", "Size Label": "ea"}, {"Category": "Chicken & Turkey", "Aisle": "Meat", "Sku": "21166900_EA", "Regular Price": "None", "Sale Price": "10.00", "Image": "https://assets.shop.loblaws.ca/products/21166900/b1/en/front/21166900_front_a01_@2.png", "Brand": "Sufra", "Url": "https://www.maxi.ca/halal-whole-chicken/p/21166900_EA", "Sub Category": null, "English Name": "Halal Whole Chicken", "Size": "1600 g", "Size Label": "ea"}, {"Category": "Chicken & Turkey", "Aisle": "Meat", "Sku": "20823109_KG", "Regular Price": "None", "Sale Price": "46.91", "Image": "https://assets.shop.loblaws.ca/products/20823109/b1/en/front/20823109_front_a01_@2.png", "Brand": "President's Choice", "Url": "https://www.maxi.ca/frozen-grade-a-turkey/p/20823109_KG", "Sub Category": null, "English Name": "Frozen Grade A Turkey", "Size": "$7.69/1kg $3.49/1lb", "Size Label": "ea"}, {"Category": "Chicken & Turkey", "Aisle": "Meat", "Sku": "20043598_KG", "Regular Price": "None", "Sale Price": "12.21", "Image": "https://assets.shop.loblaws.ca/products/20043598/b1/en/front/20043598_front_a01_@2.png", "Brand": "PC Blue Menu", "Url": "https://www.maxi.ca/air-chilled-turkey-breast-bone-bone-in/p/20043598_KG", "Sub Category": null, "English Name": "Air Chilled Turkey Breast Bone Bone In", "Size": "$13.87/1kg $6.29/1lb", "Size Label": "ea"}, {"Category": "Chicken & Turkey", "Aisle": "Meat", "Sku": "20153510_KG", "Regular Price": "None", "Sale Price": "8.42", "Image": "https://assets.shop.loblaws.ca/products/20153510/b1/en/front/20153510_front_a01_@2.png", "Brand": null, "Url": "https://www.maxi.ca/chicken-drumstick-tray-pack/p/20153510_KG", "Sub Category": null, "English Name": "Chicken Drumstick, Tray Pack", "Size": "$12.10/1kg $5.49/1lb", "Size Label": "ea"}, {"Category": "Chicken & Turkey", "Aisle": "Meat", "Sku": "21452642_EA", "Regular Price": "None", "Sale Price": "12.99", "Image": "https://assets.shop.loblaws.ca/products/21452642/b1/en/front/21452642_front_a01_@2.png", "Brand": "La Cage", "Url": "https://www.maxi.ca/ranch-chicken-wings/p/21452642_EA", "Sub Category": null, "English Name": "Ranch Chicken Wings", "Size": "550 g", "Size Label": "ea"}, {"Category": "Chicken & Turkey", "Aisle": "Meat", "Sku": "21042644_EA", "Regular Price": "None", "Sale Price": "14.99", "Image": "https://assets.shop.loblaws.ca/products/21042644/b1/en/front/21042644_front_a01_@2.png", "Brand": "PC Blue Menu", "Url": "https://www.maxi.ca/chicken-breast-roast-wild-rice-mushroom-stuffing/p/21042644_EA", "Sub Category": null, "English Name": "Chicken Breast Roast Wild Rice & Mushroom Stuffing", "Size": "1 kg", "Size Label": "ea"}, {"Category": "Chicken & Turkey", "Aisle": "Meat", "Sku": "20113612_KG", "Regular Price": "None", "Sale Price": "21.88", "Image": "https://assets.shop.loblaws.ca/products/20113612/b1/en/front/20113612_front_a01_@2.png", "Brand": null, "Url": "https://www.maxi.ca/chicken-breast-bone-in-skin-on-club-pack/p/20113612_KG", "Sub Category": null, "English Name": "Chicken Breast, Bone-in Skin On, Club Pack", "Size": "$15.41/1kg $6.99/1lb", "Size Label": "ea"}, {"Category": "Chicken & Turkey", "Aisle": "Meat", "Sku": "20708500_EA", "Regular Price": "None", "Sale Price": "17.99", "Image": "https://assets.shop.loblaws.ca/products/20708500/b1/en/front/20708500_front_a01_@2.png", "Brand": "President's Choice", "Url": "https://www.maxi.ca/rotisserie-style-chicken-wings/p/20708500_EA", "Sub Category": null, "English Name": "Rotisserie-Style Chicken Wings", "Size": "907 g", "Size Label": "ea"}, {"Category": "Chicken & Turkey", "Aisle": "Meat", "Sku": "20107628_KG", "Regular Price": "None", "Sale Price": "76.90", "Image": "https://assets.shop.loblaws.ca/products/20107628/b1/en/front/20107628_front_a01_@2.png", "Brand": null, "Url": "https://www.maxi.ca/grade-a-fresh-turkey-9-11-kg/p/20107628_KG", "Sub Category": null, "English Name": "Grade A Fresh Turkey 9-11 Kg", "Size": "$7.69/1kg $3.49/1lb", "Size Label": "ea"}, {"Category": "Chicken & Turkey", "Aisle": "Meat", "Sku": "21427226_KG", "Regular Price": "None", "Sale Price": "21.96", "Image": "https://assets.shop.loblaws.ca/products/21427226/b1/en/front/21427226_front_a01_@2.png", "Brand": "Pinty's", "Url": "https://www.maxi.ca/young-turkey-heritage-recipe-seasoned-with-natural/p/21427226_KG", "Sub Category": null, "English Name": "Young Turkey Heritage Recipe Seasoned With Natural Flavours, 3-5 KG Frozen", "Size": "$5.49/1kg", "Size Label": "ea"}, {"Category": "Chicken & Turkey", "Aisle": "Meat", "Sku": "21178745_EA", "Regular Price": "None", "Sale Price": "6.00", "Image": "https://assets.shop.loblaws.ca/products/21178745/b1/en/front/21178745_front_a01_@2.png", "Brand": "No Name", "Url": "https://www.maxi.ca/fully-cooked-breaded-chicken-nuggets-cutlettes/p/21178745_EA", "Sub Category": null, "English Name": "Fully Cooked, Breaded Chicken Nuggets Cutlettes", "Size": "908 g", "Size Label": "ea"}, {"Category": "Chicken & Turkey", "Aisle": "Meat", "Sku": "21507024_EA", "Regular Price": "None", "Sale Price": "13.49", "Image": "https://assets.shop.loblaws.ca/products/21507024/b1/en/front/21507024_front_a01_@2.png", "Brand": "Flamingo", "Url": "https://www.maxi.ca/chicken-strips-lightly-peppered/p/21507024_EA", "Sub Category": null, "English Name": "Chicken Strips Lightly Peppered", "Size": "680 g", "Size Label": "ea"}, {"Category": "Chicken & Turkey", "Aisle": "Meat", "Sku": "21484441_EA", "Regular Price": "None", "Sale Price": "10.00", "Image": "https://assets.shop.loblaws.ca/products/21484441/b1/en/front/21484441_front_a01_@2.png", "Brand": null, "Url": "https://www.maxi.ca/breaded-chicken-burger/p/21484441_EA", "Sub Category": null, "English Name": "Breaded Chicken Burger", "Size": "1.5 kg", "Size Label": "ea"}, {"Category": "Chicken & Turkey", "Aisle": "Meat", "Sku": "20153440_KG", "Regular Price": "None", "Sale Price": "34.61", "Image": "https://assets.shop.loblaws.ca/products/20153440/b1/en/front/20153440_front_a01_@2.png", "Brand": null, "Url": "https://www.maxi.ca/grade-a-fresh-turkey-5-kg/p/20153440_KG", "Sub Category": null, "English Name": "Grade A Fresh Turkey  5 Kg", "Size": "$7.69/1kg $3.49/1lb", "Size Label": "ea"}, {"Category": "Chicken & Turkey", "Aisle": "Meat", "Sku": "21209120_EA", "Regular Price": "None", "Sale Price": "30.00", "Image": "https://assets.shop.loblaws.ca/products/21209120/b1/en/front/21209120_front_a01_@2.png", "Brand": null, "Url": "https://www.maxi.ca/turkey-7-9kg-frozen/p/21209120_EA", "Sub Category": null, "English Name": "Turkey 7-9KG, Frozen", "Size": "1 ea", "Size Label": "ea"}, {"Category": "Chicken & Turkey", "Aisle": "Meat", "Sku": "20085619_KG", "Regular Price": "None", "Sale Price": "48.88", "Image": "https://assets.shop.loblaws.ca/products/20085619/b1/en/front/20085619_front_a01_@2.png", "Brand": null, "Url": "https://www.maxi.ca/frozen-grade-a-turkey-7-9-kg/p/20085619_KG", "Sub Category": null, "English Name": "Frozen Grade A Turkey 7-9 Kg", "Size": "$2.77/1lb $6.11/1kg", "Size Label": "ea"}, {"Category": "Chicken & Turkey", "Aisle": "Meat", "Sku": "21454286_KG", "Regular Price": "None", "Sale Price": "13.21", "Image": "https://assets.shop.loblaws.ca/products/21454286/b1/en/front/21454286_front_a01_@2.png", "Brand": "President's Choice", "Url": "https://www.maxi.ca/world-of-flavours-chicken-legs-skin-on-jerk/p/21454286_KG", "Sub Category": null, "English Name": "World of Flavours Chicken Legs Skin-On Jerk", "Size": "$13.21/1kg $5.99/1lb", "Size Label": "kg"}, {"Category": "Chicken & Turkey", "Aisle": "Meat", "Sku": "20068076_KG", "Regular Price": "None", "Sale Price": "24.44", "Image": "https://assets.shop.loblaws.ca/products/20068076/b1/en/front/20068076_front_a01_@2.png", "Brand": null, "Url": "https://www.maxi.ca/frozen-grade-a-turkey-3-5-kg/p/20068076_KG", "Sub Category": null, "English Name": "Frozen Grade A Turkey 3-5 Kg", "Size": "$2.77/1lb $6.11/1kg", "Size Label": "ea"}, {"Category": "Chicken & Turkey", "Aisle": "Meat", "Sku": "21286263_EA", "Regular Price": "None", "Sale Price": "28.00", "Image": "https://assets.shop.loblaws.ca/products/21286263/b1/en/front/21286263_front_a01_@2.png", "Brand": "Butterball", "Url": "https://www.maxi.ca/frozen-turkey-3-5-kg/p/21286263_EA", "Sub Category": null, "English Name": "Frozen Turkey, 3-5 Kg", "Size": "4 kg", "Size Label": "ea"}, {"Category": "Chicken & Turkey", "Aisle": "Meat", "Sku": "21286266_EA", "Regular Price": "None", "Sale Price": "38.00", "Image": "https://assets.shop.loblaws.ca/products/21286266/b1/en/front/21286266_front_a01_@2.png", "Brand": "Butterball", "Url": "https://www.maxi.ca/frozen-turkey-5-7-kg/p/21286266_EA", "Sub Category": null, "English Name": "Frozen Turkey, 5-7 Kg", "Size": "6 kg", "Size Label": "ea"}, {"Category": "Chicken & Turkey", "Aisle": "Meat", "Sku": "21456116_KG", "Regular Price": "None", "Sale Price": "19.15", "Image": "https://assets.shop.loblaws.ca/products/21456116/b1/en/front/21456116_front_a01_@2.png", "Brand": "President's Choice", "Url": "https://www.maxi.ca/chicken-flatened-portugese-piri-piri/p/21456116_KG", "Sub Category": null, "English Name": "Chicken Flatened Portugese, Piri- Piri", "Size": "$13.21/1kg", "Size Label": "ea"}, {"Category": "Chicken & Turkey", "Aisle": "Meat", "Sku": "21400895_EA", "Regular Price": "None", "Sale Price": "32.00", "Image": "https://assets.shop.loblaws.ca/products/21400895/b1/en/front/21400895_front_a01_@2.png", "Brand": "President's Choice", "Url": "https://www.maxi.ca/butter-infused-turkey-crown/p/21400895_EA", "Sub Category": null, "English Name": "Butter-Infused Turkey Crown\t", "Size": "2.5 kg", "Size Label": "ea"}, {"Category": "Chicken & Turkey", "Aisle": "Meat", "Sku": "21286274_EA", "Regular Price": "None", "Sale Price": "53.00", "Image": "https://assets.shop.loblaws.ca/products/21286274/b1/en/front/21286274_front_a01_@2.png", "Brand": "Butterball", "Url": "https://www.maxi.ca/frozen-stuffed-turkey-7-9-kg/p/21286274_EA", "Sub Category": null, "English Name": "Frozen Stuffed Turkey 7-9 Kg", "Size": "8 kg", "Size Label": "ea"}, {"Category": "Chicken & Turkey", "Aisle": "Meat", "Sku": "21526219_EA", "Regular Price": "None", "Sale Price": "10.00", "Image": "https://assets.shop.loblaws.ca/products/21526219/b1/en/front/21526219_front_a01_@2.png", "Brand": null, "Url": "https://www.maxi.ca/chicken-fries-fully-cooked/p/21526219_EA", "Sub Category": null, "English Name": "Chicken Fries, Fully Cooked", "Size": "1.5 kg", "Size Label": "ea"}, {"Category": "Chicken & Turkey", "Aisle": "Meat", "Sku": "21209103_EA", "Regular Price": "None", "Sale Price": "18.00", "Image": "https://assets.shop.loblaws.ca/products/21209103/b1/en/front/21209103_front_a01_@2.png", "Brand": null, "Url": "https://www.maxi.ca/turkey-3-5kg-frozen/p/21209103_EA", "Sub Category": null, "English Name": "Turkey 3-5KG, Frozen", "Size": "1 ea", "Size Label": "ea"}, {"Category": "Chicken & Turkey", "Aisle": "Meat", "Sku": "21531746_EA", "Regular Price": "None", "Sale Price": "5.00", "Image": "https://assets.shop.loblaws.ca/products/21531746/b1/en/front/21531746_front_a01_@2.png", "Brand": null, "Url": "https://www.maxi.ca/popcorn-chicken-bites/p/21531746_EA", "Sub Category": null, "English Name": "Popcorn Chicken Bites", "Size": "650 g", "Size Label": "ea"}, {"Category": "Chicken & Turkey", "Aisle": "Meat", "Sku": "20110263_KG", "Regular Price": "None", "Sale Price": "8.05", "Image": "https://assets.shop.loblaws.ca/products/20110263/b1/en/front/20110263_front_a01_@2.png", "Brand": null, "Url": "https://www.maxi.ca/chicken-leg/p/20110263_KG", "Sub Category": null, "English Name": "Chicken Leg", "Size": "$6.59/1kg $2.99/1lb", "Size Label": "ea"}, {"Category": "Chicken & Turkey", "Aisle": "Meat", "Sku": "20698135_KG", "Regular Price": "None", "Sale Price": "12.13", "Image": "https://assets.shop.loblaws.ca/products/20698135/b1/en/front/20698135_front_a01_@2.png", "Brand": "PC Blue Menu", "Url": "https://www.maxi.ca/air-chilled-turkey-breast-fillet/p/20698135_KG", "Sub Category": null, "English Name": "Air Chilled Turkey Breast Fillet", "Size": "$20.92/1kg $9.49/1lb", "Size Label": "ea"}, {"Category": "Chicken & Turkey", "Aisle": "Meat", "Sku": "20055987_KG", "Regular Price": "None", "Sale Price": "8.32", "Image": "https://assets.shop.loblaws.ca/products/20055987/b1/en/front/20055987_front_a01_@2.png", "Brand": null, "Url": "https://www.maxi.ca/chicken-thighs-tray-pack/p/20055987_KG", "Sub Category": null, "English Name": "Chicken Thighs, Tray Pack", "Size": "$12.10/1kg $5.49/1lb", "Size Label": "ea"}, {"Category": "Chicken & Turkey", "Aisle": "Meat", "Sku": "20697509_KG", "Regular Price": "None", "Sale Price": "9.90", "Image": "https://assets.shop.loblaws.ca/products/20697509/b1/en/front/20697509_front_a01_@2.png", "Brand": "Marvid Poultry", "Url": "https://www.maxi.ca/kosher-frozen-chicken-breast-bone-in-tray-pack/p/20697509_KG", "Sub Category": null, "English Name": "Kosher Frozen Chicken Breast Bone In, Tray Pack", "Size": "$11.00/1kg $4.99/1lb", "Size Label": "ea"}, {"Category": "Chicken & Turkey", "Aisle": "Meat", "Sku": "20940293_EA", "Regular Price": "None", "Sale Price": "12.99", "Image": "https://assets.shop.loblaws.ca/products/20940293/b1/en/front/20940293_front_a01_@2.png", "Brand": null, "Url": "https://www.maxi.ca/organic-chicken-drumsticks/p/20940293_EA", "Sub Category": null, "English Name": "Organic Chicken Drumsticks", "Size": "1 kg", "Size Label": "ea"}, {"Category": "Chicken & Turkey", "Aisle": "Meat", "Sku": "21018249_KG", "Regular Price": "None", "Sale Price": "11.80", "Image": "https://assets.loblaws.ca/pcx_bronx_fe_assets/images/common/coming-soon-en-web.png", "Brand": "Marvid Poultry", "Url": "https://www.maxi.ca/whole-chicken-bbq/p/21018249_KG", "Sub Category": null, "English Name": "Whole Chicken, BBQ", "Size": "$11.00/1kg $4.99/1lb", "Size Label": "ea"}, {"Category": "Chicken & Turkey", "Aisle": "Meat", "Sku": "21430677_EA", "Regular Price": "None", "Sale Price": "12.00", "Image": "https://assets.shop.loblaws.ca/products/21430677/b1/en/front/21430677_front_a01_@2.png", "Brand": "Sufra", "Url": "https://www.maxi.ca/chicken-legs/p/21430677_EA", "Sub Category": null, "English Name": "Chicken Legs", "Size": "1.6 kg", "Size Label": "ea"}, {"Category": "Chicken & Turkey", "Aisle": "Meat", "Sku": "20051779_KG", "Regular Price": "None", "Sale Price": "11.79", "Image": "https://assets.shop.loblaws.ca/products/20051779/b1/en/front/20051779_front_a01_@2.png", "Brand": "Marvid Poultry", "Url": "https://www.maxi.ca/kosher-chicken-scaloppini/p/20051779_KG", "Sub Category": null, "English Name": "Kosher Chicken Scaloppini", "Size": "$10.99/1lb $24.23/1kg", "Size Label": "ea"}, {"Category": "Chicken & Turkey", "Aisle": "Meat", "Sku": "20656702_KG", "Regular Price": "None", "Sale Price": "9.90", "Image": "https://assets.shop.loblaws.ca/products/20656702/b1/en/front/20656702_front_a01_@2.png", "Brand": "President's Choice", "Url": "https://www.maxi.ca/air-chilled-turkey-thighs/p/20656702_KG", "Sub Category": null, "English Name": "Air Chilled Turkey Thighs", "Size": "$4.49/1lb $9.90/1kg", "Size Label": "ea"}, {"Category": "Chicken & Turkey", "Aisle": "Meat", "Sku": "20546741_KG", "Regular Price": "None", "Sale Price": "8.83", "Image": "https://assets.shop.loblaws.ca/products/20546741/b1/en/front/20546741_front_a01_@2.png", "Brand": null, "Url": "https://www.maxi.ca/turkey-breast-fillet/p/20546741_KG", "Sub Category": null, "English Name": "Turkey Breast Fillet", "Size": "$12.40/1lb $27.32/1kg", "Size Label": "ea"}, {"Category": "Chicken & Turkey", "Aisle": "Meat", "Sku": "20189671_KG", "Regular Price": "None", "Sale Price": "3.62", "Image": "https://assets.shop.loblaws.ca/products/20189671/b1/en/front/20189671_front_a01_@2.png", "Brand": null, "Url": "https://www.maxi.ca/turkey-drumsticks/p/20189671_KG", "Sub Category": null, "English Name": "Turkey Drumsticks", "Size": "$6.59/1kg $2.99/1lb", "Size Label": "ea"}, {"Category": "Chicken & Turkey", "Aisle": "Meat", "Sku": "20145178_KG", "Regular Price": "None", "Sale Price": "6.30", "Image": "https://assets.shop.loblaws.ca/products/20145178/b1/en/front/20145178_front_a01_@2.png", "Brand": "Marvid Poultry", "Url": "https://www.maxi.ca/kosher-chicken-drumstick/p/20145178_KG", "Sub Category": null, "English Name": "Kosher Chicken Drumstick", "Size": "$11.00/1kg $4.99/1lb", "Size Label": "ea"}, {"Category": "Chicken & Turkey", "Aisle": "Meat", "Sku": "20648017_EA", "Regular Price": "None", "Sale Price": "12.00", "Image": "https://assets.shop.loblaws.ca/products/20648017/b1/en/front/20648017_front_a01_@2.png", "Brand": "Maple Leaf", "Url": "https://www.maxi.ca/boneless-skinless-chicken-thighs-raised-on-canadia/p/20648017_EA", "Sub Category": null, "English Name": "Boneless Skinless Chicken Thighs, Raised on Canadian Farms", "Size": "1 ea", "Size Label": "ea"}, {"Category": "Chicken & Turkey", "Aisle": "Meat", "Sku": "21521704_KG", "Regular Price": "None", "Sale Price": "14.31", "Image": "https://assets.shop.loblaws.ca/products/21521704/b1/en/front/21521704_front_a01_@2.png", "Brand": "President's Choice", "Url": "https://www.maxi.ca/world-of-flavours-filipino-adobo-chicken-legs/p/21521704_KG", "Sub Category": null, "English Name": "World of Flavours Filipino Adobo Chicken Legs ", "Size": "$6.49/1lb $14.31/1kg", "Size Label": "ea"}, {"Category": "Chicken & Turkey", "Aisle": "Meat", "Sku": "20656733_KG", "Regular Price": "None", "Sale Price": "4.93", "Image": "https://assets.shop.loblaws.ca/products/20656733/b1/en/front/20656733_front_a01_@2.png", "Brand": "President's Choice", "Url": "https://www.maxi.ca/air-chilled-split-turkey-wing/p/20656733_KG", "Sub Category": null, "English Name": "Air Chilled Split Turkey Wing", "Size": "$3.29/1lb $7.25/1kg", "Size Label": "ea"}, {"Category": "Chicken & Turkey", "Aisle": "Meat", "Sku": "20133614_KG", "Regular Price": "None", "Sale Price": "50.18", "Image": "https://assets.shop.loblaws.ca/products/20133614/b1/en/front/20133614_front_a01_@2.png", "Brand": null, "Url": "https://www.maxi.ca/grade-a-fresh-turkey-11-kg-and-up/p/20133614_KG", "Sub Category": null, "English Name": "Grade A Fresh Turkey 11 Kg and Up", "Size": "$6.15/1kg $2.79/1lb", "Size Label": "ea"}, {"Category": "Chicken & Turkey", "Aisle": "Meat", "Sku": "21430680_EA", "Regular Price": "None", "Sale Price": "8.00", "Image": "https://assets.shop.loblaws.ca/products/21430680/b1/en/front/21430680_front_a01_@2.png", "Brand": "Sufra", "Url": "https://www.maxi.ca/bone-in-skin-on-chicken-thighs/p/21430680_EA", "Sub Category": null, "English Name": "Bone-in Skin-on Chicken Thighs", "Size": "840 g", "Size Label": "ea"}, {"Category": "Chicken & Turkey", "Aisle": "Meat", "Sku": "21124838_KG", "Regular Price": "None", "Sale Price": "5.90", "Image": "https://assets.shop.loblaws.ca/products/21124838/b1/en/front/21124838_front_a01_@2.png", "Brand": "President's Choice", "Url": "https://www.maxi.ca/free-from-split-turkey-wings/p/21124838_KG", "Sub Category": null, "English Name": "Free From Split Turkey Wings", "Size": "$13.21/1kg $5.99/1lb", "Size Label": "ea"}, {"Category": "Chicken & Turkey", "Aisle": "Meat", "Sku": "20708932_EA", "Regular Price": "None", "Sale Price": "17.99", "Image": "https://assets.shop.loblaws.ca/products/20708932/b1/en/front/20708932_front_a01_@2.png", "Brand": "President's Choice", "Url": "https://www.maxi.ca/chicken-wings-crisp-crunchy-mild-southern-style/p/20708932_EA", "Sub Category": null, "English Name": "Chicken Wings, Crisp & Crunchy Mild Southern-Style\u00a0", "Size": "907 g", "Size Label": "ea"}, {"Category": "Chicken & Turkey", "Aisle": "Meat", "Sku": "20708931_EA", "Regular Price": "None", "Sale Price": "17.99", "Image": "https://assets.shop.loblaws.ca/products/20708931/b1/en/front/20708931_front_a01_@2.png", "Brand": "President's Choice", "Url": "https://www.maxi.ca/medium-buffalo-style-chicken-wings/p/20708931_EA", "Sub Category": null, "English Name": "Medium Buffalo-Style Chicken Wings", "Size": "907 g", "Size Label": "ea"}, {"Category": "Chicken & Turkey", "Aisle": "Meat", "Sku": "21427245_KG", "Regular Price": "None", "Sale Price": "28.00", "Image": "https://assets.shop.loblaws.ca/products/21427245/b1/en/front/21427245_front_a01_@2.png", "Brand": "Pinty's", "Url": "https://www.maxi.ca/young-turkey-heritage-recipe-seasoned-with-natural/p/21427245_KG", "Sub Category": null, "English Name": "Young Turkey Heritage Recipe Seasoned With Natural Flavours, 5-7 KG Frozen", "Size": "$5.49/1kg $2.49/1lb", "Size Label": "ea"}, {"Category": "Chicken & Turkey", "Aisle": "Meat", "Sku": "21464816_EA", "Regular Price": "None", "Sale Price": "14.49", "Image": "https://assets.shop.loblaws.ca/products/21464816/b1/en/front/21464816_front_a01_@2.png", "Brand": "Flamingo", "Url": "https://www.maxi.ca/chicken-wings-spicy-bbq-crispy/p/21464816_EA", "Sub Category": null, "English Name": "Chicken Wings Spicy Bbq & Crispy", "Size": "550 g", "Size Label": "ea"}, {"Category": "Chicken & Turkey", "Aisle": "Meat", "Sku": "21286685_EA", "Regular Price": "None", "Sale Price": "12.99", "Image": "https://assets.shop.loblaws.ca/products/21286685/b1/en/front/21286685_front_a01_@2.png", "Brand": "La Cage", "Url": "https://www.maxi.ca/by-exceldor-spicy-chicken-wings-smoked-paprika-and/p/21286685_EA", "Sub Category": null, "English Name": "by Exceldor Spicy Chicken Wings Smoked Paprika and Maple", "Size": "550 g", "Size Label": "ea"}, {"Category": "Chicken & Turkey", "Aisle": "Meat", "Sku": "20633026_EA", "Regular Price": "None", "Sale Price": "8.00", "Image": "https://assets.shop.loblaws.ca/products/20633026/b1/en/front/20633026_front_a01_@2.png", "Brand": "Maple Leaf", "Url": "https://www.maxi.ca/chicken-drumsticks-raised-on-canadian-farms/p/20633026_EA", "Sub Category": null, "English Name": "Chicken Drumsticks, Raised on Canadian Farms", "Size": "0.872 g", "Size Label": "ea"}, {"Category": "Chicken & Turkey", "Aisle": "Meat", "Sku": "21045668_EA", "Regular Price": "None", "Sale Price": "14.00", "Image": "https://assets.shop.loblaws.ca/products/21045668/b1/en/front/21045668_front_a01_@2.png", "Brand": "No Name", "Url": "https://www.maxi.ca/buffalo-chicken-wings/p/21045668_EA", "Sub Category": null, "English Name": "Buffalo Chicken Wings", "Size": "908 g", "Size Label": "ea"}, {"Category": "Chicken & Turkey", "Aisle": "Meat", "Sku": "21033544_KG", "Regular Price": "None", "Sale Price": "32.51", "Image": "https://assets.shop.loblaws.ca/products/21033544/b1/en/front/21033544_front_a01_@2.png", "Brand": "Sufra", "Url": "https://www.maxi.ca/halal-frozen-turkey/p/21033544_KG", "Sub Category": null, "English Name": "Halal Frozen Turkey", "Size": "$2.77/1lb $6.11/1kg", "Size Label": "ea"}, {"Category": "Chicken & Turkey", "Aisle": "Meat", "Sku": "21507078_EA", "Regular Price": "None", "Sale Price": "10.00", "Image": "https://assets.shop.loblaws.ca/products/21507078/b1/en/front/21507078_front_a01_@2.png", "Brand": null, "Url": "https://www.maxi.ca/chicken-mozzarella/p/21507078_EA", "Sub Category": null, "English Name": "Chicken Mozzarella", "Size": "1 kg", "Size Label": "ea"}, {"Category": "Chicken & Turkey", "Aisle": "Meat", "Sku": "21367815_EA", "Regular Price": "None", "Sale Price": "24.99", "Image": "https://assets.shop.loblaws.ca/products/21367815/b1/en/front/21367815_front_a01_@2.png", "Brand": "Saha", "Url": "https://www.maxi.ca/boneless-white-dark-turkey-seasoned/p/21367815_EA", "Sub Category": null, "English Name": "Boneless White & Dark Turkey Seasoned", "Size": "1.5 kg", "Size Label": "ea"}, {"Category": "Chicken & Turkey", "Aisle": "Meat", "Sku": "20822448_EA", "Regular Price": "None", "Sale Price": "52.99", "Image": "https://assets.shop.loblaws.ca/products/20822448/b1/en/front/20822448_front_a01_@2.png", "Brand": "President's Choice", "Url": "https://www.maxi.ca/easy-carve-turkey-with-traditional-cranberry-stuff/p/20822448_EA", "Sub Category": null, "English Name": "Easy Carve Turkey with Traditional Cranberry Stuffing", "Size": "3.85 kg", "Size Label": "ea"}, {"Category": "Chicken & Turkey", "Aisle": "Meat", "Sku": "21209126_EA", "Regular Price": "None", "Sale Price": "36.00", "Image": "https://assets.shop.loblaws.ca/products/21209126/b1/en/front/21209126_front_a01_@2.png", "Brand": null, "Url": "https://www.maxi.ca/utility-frozen-turkey-9-11-kg/p/21209126_EA", "Sub Category": null, "English Name": "Utility Frozen Turkey 9-11 Kg", "Size": "1 ea", "Size Label": "ea"}, {"Category": "Chicken & Turkey", "Aisle": "Meat", "Sku": "20181246_KG", "Regular Price": "None", "Sale Price": "43.50", "Image": "https://assets.shop.loblaws.ca/products/20181246/b1/en/front/20181246_front_a01_@2.png", "Brand": "Butterball", "Url": "https://www.maxi.ca/stuffed-frozen-turkey-5-7kg/p/20181246_KG", "Sub Category": null, "English Name": "Stuffed Frozen Turkey, 5-7kg", "Size": "$3.29/1lb $7.25/1kg", "Size Label": "ea"}, {"Category": "Chicken & Turkey", "Aisle": "Meat", "Sku": "20822446_EA", "Regular Price": "None", "Sale Price": "15.99", "Image": "https://assets.shop.loblaws.ca/products/20822446/b1/en/front/20822446_front_a01_@2.png", "Brand": "President's Choice", "Url": "https://www.maxi.ca/turkey-breast-roast-with-traditional-cranberry-stu/p/20822446_EA", "Sub Category": null, "English Name": "Turkey Breast Roast with Traditional Cranberry Stuffing", "Size": "1 kg", "Size Label": "ea"}, {"Category": "Chicken & Turkey", "Aisle": "Meat", "Sku": "21209114_EA", "Regular Price": "None", "Sale Price": "24.00", "Image": "https://assets.shop.loblaws.ca/products/21209114/b1/en/front/21209114_front_a01_@2.png", "Brand": null, "Url": "https://www.maxi.ca/turkey-5-7kg-frozen/p/21209114_EA", "Sub Category": null, "English Name": "Turkey, 5-7KG Frozen", "Size": "1 ea", "Size Label": "ea"}, {"Category": "Chicken & Turkey", "Aisle": "Meat", "Sku": "21400947_EA", "Regular Price": "None", "Sale Price": "36.00", "Image": "https://assets.shop.loblaws.ca/products/21400947/b1/en/front/21400947_front_a01_@2.png", "Brand": "President's Choice", "Url": "https://www.maxi.ca/butter-infused-stuffed-turkey-crown/p/21400947_EA", "Sub Category": null, "English Name": "Butter-Infused Stuffed Turkey Crown", "Size": "3 kg", "Size Label": "ea"}, {"Category": "Chicken & Turkey", "Aisle": "Meat", "Sku": "20159250_KG", "Regular Price": "None", "Sale Price": "13.40", "Image": "https://assets.shop.loblaws.ca/products/20159250/b1/en/front/20159250_front_a01_@2.png", "Brand": null, "Url": "https://www.maxi.ca/turkey-breast-boneless/p/20159250_KG", "Sub Category": null, "English Name": "Turkey Breast Boneless", "Size": "$15.41/1kg $6.99/1lb", "Size Label": "ea"}, {"Category": "Chicken & Turkey", "Aisle": "Meat", "Sku": "21018252_KG", "Regular Price": "None", "Sale Price": "17.58", "Image": "https://assets.shop.loblaws.ca/products/21018252/b1/en/front/21018252_front_a01_@2.png", "Brand": "Marvid Poultry", "Url": "https://www.maxi.ca/kosher-cut-up-chicken-four-herbs/p/21018252_KG", "Sub Category": null, "English Name": "Kosher Cut Up Chicken Four Herbs", "Size": "$12.10/1kg $5.49/1lb", "Size Label": "ea"}, {"Category": "Chicken & Turkey", "Aisle": "Meat", "Sku": "20062499_KG", "Regular Price": "None", "Sale Price": "10.11", "Image": "https://assets.shop.loblaws.ca/products/20062499/b1/en/front/20062499_front_a01_@2.png", "Brand": null, "Url": "https://www.maxi.ca/kosher-chicken-wings/p/20062499_KG", "Sub Category": null, "English Name": "Kosher Chicken Wings", "Size": "$3.99/1lb $8.79/1kg", "Size Label": "ea"}, {"Category": "Chicken & Turkey", "Aisle": "Meat", "Sku": "21430671_EA", "Regular Price": "None", "Sale Price": "26.00", "Image": "https://assets.shop.loblaws.ca/products/21430671/b1/en/front/21430671_front_a01_@2.png", "Brand": "Sufra", "Url": "https://www.maxi.ca/boneless-skinless-chicken-breasts/p/21430671_EA", "Sub Category": null, "English Name": "Boneless Skinless Chicken Breasts", "Size": "1.505 kg", "Size Label": "ea"}, {"Category": "Chicken & Turkey", "Aisle": "Meat", "Sku": "20166993_KG", "Regular Price": "None", "Sale Price": "9.59", "Image": "https://assets.shop.loblaws.ca/products/20166993/b1/en/front/20166993_front_a01_@2.png", "Brand": null, "Url": "https://www.maxi.ca/chicken-breast-fillets-boneless/p/20166993_KG", "Sub Category": null, "English Name": "Chicken Breast Fillets, Boneless", "Size": "$21.80/1kg $9.89/1lb", "Size Label": "ea"}, {"Category": "Chicken & Turkey", "Aisle": "Meat", "Sku": "20035576_KG", "Regular Price": "None", "Sale Price": "81.28", "Image": "https://assets.shop.loblaws.ca/products/20035576/b1/en/front/20035576_front_a01_@2.png", "Brand": null, "Url": "https://www.maxi.ca/frozen-utility-turkey-11kg-and-up/p/20035576_KG", "Sub Category": null, "English Name": "Frozen Utility Turkey, 11kg and up", "Size": "$2.39/1lb $5.27/1kg", "Size Label": "ea"}, {"Category": "Chicken & Turkey", "Aisle": "Meat", "Sku": "20055906_KG", "Regular Price": "None", "Sale Price": "20.02", "Image": "https://assets.shop.loblaws.ca/products/20055906/b1/en/front/20055906_front_a01_@2.png", "Brand": null, "Url": "https://www.maxi.ca/chicken-breast-skinless-bone-in-club-pack/p/20055906_KG", "Sub Category": null, "English Name": "Chicken Breast Skinless Bone In, Club Pack", "Size": "$14.30/1kg $6.49/1lb", "Size Label": "ea"}, {"Category": "Chicken & Turkey", "Aisle": "Meat", "Sku": "21430675_EA", "Regular Price": "None", "Sale Price": "8.00", "Image": "https://assets.shop.loblaws.ca/products/21430675/b1/en/front/21430675_front_a01_@2.png", "Brand": "Sufra", "Url": "https://www.maxi.ca/extra-lean-ground-chicken/p/21430675_EA", "Sub Category": null, "English Name": "Extra Lean Ground Chicken", "Size": "454 g", "Size Label": "ea"}, {"Category": "Chicken & Turkey", "Aisle": "Meat", "Sku": "21185158_EA", "Regular Price": "None", "Sale Price": "12.00", "Image": "https://assets.shop.loblaws.ca/products/21185158/b1/en/front/21185158_front_a01_@2.png", "Brand": "Maple Leaf", "Url": "https://www.maxi.ca/split-chicken-wings-raised-on-canadian-farms/p/21185158_EA", "Sub Category": null, "English Name": "Split Chicken Wings, Raised on Canadian Farms", "Size": "1 ea", "Size Label": "ea"}, {"Category": "Chicken & Turkey", "Aisle": "Meat", "Sku": "21018246_KG", "Regular Price": "None", "Sale Price": "13.52", "Image": "https://assets.shop.loblaws.ca/products/21018246/b1/en/front/21018246_front_a01_@2.png", "Brand": "Marvid Poultry", "Url": "https://www.maxi.ca/chicken-leg-meat-tray-pack/p/21018246_KG", "Sub Category": null, "English Name": "Chicken Leg Meat, Tray Pack", "Size": "$19.82/1kg $8.99/1lb", "Size Label": "ea"}, {"Category": "Chicken & Turkey", "Aisle": "Meat", "Sku": "20036193_KG", "Regular Price": "None", "Sale Price": "12.69", "Image": "https://assets.shop.loblaws.ca/products/20036193/b1/en/front/20036193_front_a01_@2.png", "Brand": null, "Url": "https://www.maxi.ca/grade-a-chicken-whole-club-pack/p/20036193_KG", "Sub Category": null, "English Name": "Grade A Chicken Whole, Club Pack", "Size": "$4.39/1kg $1.99/1lb", "Size Label": "ea"}, {"Category": "Chicken & Turkey", "Aisle": "Meat", "Sku": "20084502_KG", "Regular Price": "None", "Sale Price": "28.97", "Image": "https://assets.shop.loblaws.ca/products/20084502/b1/en/front/20084502_front_a01_@2.png", "Brand": null, "Url": "https://www.maxi.ca/seasoned-turkey-5-7-kg/p/20084502_KG", "Sub Category": null, "English Name": "Seasoned Turkey, 5-7 KG", "Size": "$2.77/1lb $6.11/1kg", "Size Label": "ea"}, {"Category": "Chicken & Turkey", "Aisle": "Meat", "Sku": "21178761_EA", "Regular Price": "None", "Sale Price": "6.00", "Image": "https://assets.shop.loblaws.ca/products/21178761/b1/en/front/21178761_front_a01_@2.png", "Brand": "No Name", "Url": "https://www.maxi.ca/fully-cooked-breaded-chicken-burgers/p/21178761_EA", "Sub Category": null, "English Name": "Fully Cooked, Breaded Chicken Burgers", "Size": "908 g", "Size Label": "ea"}, {"Category": "Chicken & Turkey", "Aisle": "Meat", "Sku": "20173241_KG", "Regular Price": "None", "Sale Price": "36.05", "Image": "https://assets.shop.loblaws.ca/products/20173241/b1/en/front/20173241_front_a01_@2.png", "Brand": "Butterball", "Url": "https://www.maxi.ca/fresh-turkey-5-kg-and-down/p/20173241_KG", "Sub Category": null, "English Name": "Fresh Turkey 5 Kg and Down", "Size": "$7.69/1kg $3.49/1lb", "Size Label": "ea"}, {"Category": "Chicken & Turkey", "Aisle": "Meat", "Sku": "21551582_EA", "Regular Price": "None", "Sale Price": "7.89", "Image": "https://assets.shop.loblaws.ca/products/21551582/b1/en/front/21551582_front_a01_@2.png", "Brand": null, "Url": "https://www.maxi.ca/ground-chicken/p/21551582_EA", "Sub Category": null, "English Name": "Ground Chicken", "Size": "454 g", "Size Label": "ea"}, {"Category": "Chicken & Turkey", "Aisle": "Meat", "Sku": "21507242_EA", "Regular Price": "None", "Sale Price": "13.49", "Image": "https://assets.shop.loblaws.ca/products/21507242/b1/en/front/21507242_front_a01_@2.png", "Brand": "Flamingo", "Url": "https://www.maxi.ca/breaded-chicken-breast-nuggets/p/21507242_EA", "Sub Category": null, "English Name": "Breaded Chicken Breast Nuggets", "Size": "680 g", "Size Label": "ea"}, {"Category": "Chicken & Turkey", "Aisle": "Meat", "Sku": "21427840_EA", "Regular Price": "None", "Sale Price": "8.00", "Image": "https://assets.shop.loblaws.ca/products/21427840/b1/en/front/21427840_front_a01_@2.png", "Brand": "Sufra", "Url": "https://www.maxi.ca/chicken-drumsticks-halal/p/21427840_EA", "Sub Category": null, "English Name": "Chicken Drumsticks, Halal", "Size": "840 g", "Size Label": "ea"}, {"Category": "Chicken & Turkey", "Aisle": "Meat", "Sku": "20042132_KG", "Regular Price": "None", "Sale Price": "27.01", "Image": "https://assets.shop.loblaws.ca/products/20042132/b1/en/front/20042132_front_a01_@2.png", "Brand": null, "Url": "https://www.maxi.ca/frozen-utility-turkey-3-5kg/p/20042132_KG", "Sub Category": null, "English Name": "Frozen Utility Turkey, 3-5kg", "Size": "$2.77/1lb $6.11/1kg", "Size Label": "ea"}, {"Category": "Chicken & Turkey", "Aisle": "Meat", "Sku": "21464727_EA", "Regular Price": "None", "Sale Price": "14.49", "Image": "https://assets.shop.loblaws.ca/products/21464727/b1/en/front/21464727_front_a01_@2.png", "Brand": "Flamingo", "Url": "https://www.maxi.ca/chicken-wings-honey-garlic-flavour-mild/p/21464727_EA", "Sub Category": null, "English Name": "Chicken Wings Honey & Garlic Flavour Mild", "Size": "550 g", "Size Label": "ea"}, {"Category": "Chicken & Turkey", "Aisle": "Meat", "Sku": "21045313_EA", "Regular Price": "None", "Sale Price": "14.00", "Image": "https://assets.shop.loblaws.ca/products/21045313/b1/en/front/21045313_front_a01_@2.png", "Brand": "No Name", "Url": "https://www.maxi.ca/chicken-wings-mild-bbq/p/21045313_EA", "Sub Category": null, "English Name": "Chicken Wings, Mild BBQ", "Size": "908 g", "Size Label": "ea"}, {"Category": "Chicken & Turkey", "Aisle": "Meat", "Sku": "20147976_KG", "Regular Price": "None", "Sale Price": "19.14", "Image": "https://assets.shop.loblaws.ca/products/20147976/b1/en/front/20147976_front_a01_@2.png", "Brand": null, "Url": "https://www.maxi.ca/chicken-whole-tray-pack/p/20147976_KG", "Sub Category": null, "English Name": "Chicken Whole, Tray Pack", "Size": "$11.00/1kg $4.99/1lb", "Size Label": "ea"}, {"Category": "Chicken & Turkey", "Aisle": "Meat", "Sku": "21286677_EA", "Regular Price": "None", "Sale Price": "12.99", "Image": "https://assets.shop.loblaws.ca/products/21286677/b1/en/front/21286677_front_a01_@2.png", "Brand": "La Cage", "Url": "https://www.maxi.ca/by-exceldor-buffalo-spicy-chicken-wings/p/21286677_EA", "Sub Category": null, "English Name": "by Exceldor Buffalo Spicy Chicken Wings", "Size": "550 g", "Size Label": "ea"}, {"Category": "Chicken & Turkey", "Aisle": "Meat", "Sku": "21193663_EA", "Regular Price": "None", "Sale Price": "12.99", "Image": "https://assets.shop.loblaws.ca/products/21193663/b1/en/front/21193663_front_a01_@2.png", "Brand": "Flamingo", "Url": "https://www.maxi.ca/breaded-chicken-breast-burger/p/21193663_EA", "Sub Category": null, "English Name": "Breaded Chicken Breast Burger", "Size": "600 g", "Size Label": "ea"}, {"Category": "Chicken & Turkey", "Aisle": "Meat", "Sku": "21464882_EA", "Regular Price": "None", "Sale Price": "14.49", "Image": "https://assets.shop.loblaws.ca/products/21464882/b1/en/front/21464882_front_a01_@2.png", "Brand": "Flamingo", "Url": "https://www.maxi.ca/buffalo-chicken-wings/p/21464882_EA", "Sub Category": null, "English Name": "Buffalo Chicken Wings", "Size": "550 g", "Size Label": "ea"}, {"Category": "Chicken & Turkey", "Aisle": "Meat", "Sku": "21045311_EA", "Regular Price": "None", "Sale Price": "14.00", "Image": "https://assets.shop.loblaws.ca/products/21045311/b1/en/front/21045311_front_a01_@2.png", "Brand": "No Name", "Url": "https://www.maxi.ca/chicken-wings-honey-garlic/p/21045311_EA", "Sub Category": null, "English Name": "Chicken Wings, Honey Garlic", "Size": "908 g", "Size Label": "ea"}, {"Category": "Chicken & Turkey", "Aisle": "Meat", "Sku": "20175382_KG", "Regular Price": "None", "Sale Price": "58.00", "Image": "https://assets.shop.loblaws.ca/products/20175382/b1/en/front/20175382_front_a01_@2.png", "Brand": "Butterball", "Url": "https://www.maxi.ca/frozen-turkey-7-9kg/p/20175382_KG", "Sub Category": null, "English Name": "Frozen Turkey 7-9kg", "Size": "$3.29/1lb $7.25/1kg", "Size Label": "ea"}, {"Category": "Chicken & Turkey", "Aisle": "Meat", "Sku": "20166983_KG", "Regular Price": "None", "Sale Price": "71.16", "Image": "https://assets.shop.loblaws.ca/products/20166983/b1/en/front/20166983_front_a01_@2.png", "Brand": null, "Url": "https://www.maxi.ca/frozen-grade-a-turkey-whole-over-11-kg/p/20166983_KG", "Sub Category": null, "English Name": "Frozen Grade A Turkey, Whole Over 11 Kg", "Size": "$5.93/1kg $2.69/1lb", "Size Label": "ea"}, {"Category": "Chicken & Turkey", "Aisle": "Meat", "Sku": "20104805_KG", "Regular Price": "None", "Sale Price": "38.43", "Image": "https://assets.shop.loblaws.ca/products/20104805/b1/en/front/20104805_front_a01_@2.png", "Brand": null, "Url": "https://www.maxi.ca/frozen-utility-turkey-5-7kg/p/20104805_KG", "Sub Category": null, "English Name": "Frozen Utility Turkey, 5-7kg", "Size": "$2.77/1lb $6.11/1kg", "Size Label": "ea"}, {"Category": "Chicken & Turkey", "Aisle": "Meat", "Sku": "21454262_KG", "Regular Price": "None", "Sale Price": "13.21", "Image": "https://assets.shop.loblaws.ca/products/21454262/b1/en/front/21454262_front_a01_@2.png", "Brand": "President's Choice", "Url": "https://www.maxi.ca/chicken-wing-split-buffalo/p/21454262_KG", "Sub Category": null, "English Name": "Chicken Wing Split Buffalo", "Size": "$13.21/1kg $5.99/1lb", "Size Label": "ea"}, {"Category": "Chicken & Turkey", "Aisle": "Meat", "Sku": "20103952_KG", "Regular Price": "None", "Sale Price": "36.66", "Image": "https://assets.shop.loblaws.ca/products/20103952/b1/en/front/20103952_front_a01_@2.png", "Brand": null, "Url": "https://www.maxi.ca/frozen-grade-a-turkey-5-7-kg/p/20103952_KG", "Sub Category": null, "English Name": "Frozen Grade A Turkey 5-7 Kg", "Size": "$2.77/1lb $6.11/1kg", "Size Label": "ea"}, {"Category": "Chicken & Turkey", "Aisle": "Meat", "Sku": "21427222_KG", "Regular Price": "None", "Sale Price": "29.10", "Image": "https://assets.shop.loblaws.ca/products/21427222/b1/en/front/21427222_front_a01_@2.png", "Brand": "Pinty's", "Url": "https://www.maxi.ca/young-turkey-seasoned-with-natural-flavours-frozen/p/21427222_KG", "Sub Category": null, "English Name": "Young Turkey Seasoned with Natural Flavours, Frozen", "Size": "$5.49/1kg $2.49/1lb", "Size Label": "ea"}, {"Category": "Chicken & Turkey", "Aisle": "Meat", "Sku": "21124826_KG", "Regular Price": "None", "Sale Price": "5.54", "Image": "https://assets.shop.loblaws.ca/products/21124826/b1/en/front/21124826_front_a01_@2.png", "Brand": "President's Choice", "Url": "https://www.maxi.ca/free-from-skin-on-turkey-drumsticks/p/21124826_KG", "Sub Category": null, "English Name": "Free From Skin On Turkey Drumsticks", "Size": "$11.00/1kg $4.99/1lb", "Size Label": "ea"}, {"Category": "Chicken & Turkey", "Aisle": "Meat", "Sku": "21488006_EA", "Regular Price": "None", "Sale Price": "24.99", "Image": "https://assets.shop.loblaws.ca/products/21488006/b1/en/front/21488006_front_a01_@2.png", "Brand": "Butterball", "Url": "https://www.maxi.ca/boneless-stuffed-turkey-ball-frozen/p/21488006_EA", "Sub Category": null, "English Name": "Boneless Stuffed Turkey Ball Frozen", "Size": "1.5 kg", "Size Label": "ea"}, {"Category": "Chicken & Turkey", "Aisle": "Meat", "Sku": "20091864_KG", "Regular Price": "None", "Sale Price": "42.73", "Image": "https://assets.shop.loblaws.ca/products/20091864/b1/en/front/20091864_front_a01_@2.png", "Brand": "Butterball", "Url": "https://www.maxi.ca/fresh-turkey-5-7-kg/p/20091864_KG", "Sub Category": null, "English Name": "Fresh Turkey 5-7 Kg", "Size": "$7.69/1kg $3.49/1lb", "Size Label": "ea"}, {"Category": "Chicken & Turkey", "Aisle": "Meat", "Sku": "21450297_EA", "Regular Price": "None", "Sale Price": "10.00", "Image": "https://assets.shop.loblaws.ca/products/21450297/b1/en/front/21450297_front_a01_@2.png", "Brand": null, "Url": "https://www.maxi.ca/southern-style-popcorn-chicken/p/21450297_EA", "Sub Category": null, "English Name": "Southern-Style Popcorn Chicken", "Size": "1.13 kg", "Size Label": "ea"}, {"Category": "Chicken & Turkey", "Aisle": "Meat", "Sku": "20613995_EA", "Regular Price": "None", "Sale Price": "24.99", "Image": "https://assets.shop.loblaws.ca/products/20613995/b1/en/front/20613995_front_a01_@2.png", "Brand": "Butterball", "Url": "https://www.maxi.ca/boneless-white-dark-meat-turkey-breast-roast/p/20613995_EA", "Sub Category": null, "English Name": "Boneless White & Dark Meat Turkey Breast Roast", "Size": "1.5 kg", "Size Label": "ea"}, {"Category": "Chicken & Turkey", "Aisle": "Meat", "Sku": "20145891_KG", "Regular Price": "None", "Sale Price": "46.14", "Image": "https://assets.shop.loblaws.ca/products/20145891/b1/en/front/20145891_front_a01_@2.png", "Brand": null, "Url": "https://www.maxi.ca/grade-a-fresh-turkey-5-7-kg/p/20145891_KG", "Sub Category": null, "English Name": "Grade A Fresh Turkey 5-7 Kg", "Size": "$7.69/1kg $3.49/1lb", "Size Label": "ea"}, {"Category": "Chicken & Turkey", "Aisle": "Meat", "Sku": "21286278_EA", "Regular Price": "None", "Sale Price": "48.00", "Image": "https://assets.shop.loblaws.ca/products/21286278/b1/en/front/21286278_front_a01_@2.png", "Brand": "Butterball", "Url": "https://www.maxi.ca/frozen-turkey-7-9-kg/p/21286278_EA", "Sub Category": null, "English Name": "Frozen Turkey 7-9 Kg", "Size": "8 kg", "Size Label": "ea"}, {"Category": "Chicken & Turkey", "Aisle": "Meat", "Sku": "21018258_KG", "Regular Price": "None", "Sale Price": "9.88", "Image": "https://assets.shop.loblaws.ca/products/21018258/b1/en/front/21018258_front_a01_@2.png", "Brand": "Marvid Poultry", "Url": "https://www.maxi.ca/kosher-chicken-breast/p/21018258_KG", "Sub Category": null, "English Name": "Kosher Chicken Breast", "Size": "$22.69/1kg $10.29/1lb", "Size Label": "ea"}, {"Category": "Chicken & Turkey", "Aisle": "Meat", "Sku": "21185064_EA", "Regular Price": "None", "Sale Price": "12.00", "Image": "https://assets.shop.loblaws.ca/products/21185064/b1/en/front/21185064_front_a01_@2.png", "Brand": "Maple Leaf", "Url": "https://www.maxi.ca/prime-chicken-breast-fillet-11-pack/p/21185064_EA", "Sub Category": null, "English Name": "Prime Chicken Breast Fillet 11 Pack", "Size": "1 ea", "Size Label": "ea"}, {"Category": "Chicken & Turkey", "Aisle": "Meat", "Sku": "20609323_KG", "Regular Price": "None", "Sale Price": "7.95", "Image": "https://assets.shop.loblaws.ca/products/20609323/b1/en/front/20609323_front_a01_@2.png", "Brand": "PC Blue Menu", "Url": "https://www.maxi.ca/turkey-breast-scallopini/p/20609323_KG", "Sub Category": null, "English Name": "Turkey Breast Scallopini", "Size": "$20.92/1kg $9.49/1lb", "Size Label": "ea"}, {"Category": "Chicken & Turkey", "Aisle": "Meat", "Sku": "21018251_KG", "Regular Price": "None", "Sale Price": "17.67", "Image": "https://assets.shop.loblaws.ca/products/21018251/b1/en/front/21018251_front_a01_@2.png", "Brand": "Marvid Poultry", "Url": "https://www.maxi.ca/kosher-chicken-breast-cut-bbq/p/21018251_KG", "Sub Category": null, "English Name": "Kosher Chicken Breast Cut BBQ", "Size": "$12.10/1kg $5.49/1lb", "Size Label": "ea"}, {"Category": "Chicken & Turkey", "Aisle": "Meat", "Sku": "20992428_KG", "Regular Price": "None", "Sale Price": "44.99", "Image": "https://assets.shop.loblaws.ca/products/20992428/b1/en/front/20992428_front_a01_@2.png", "Brand": "President's Choice", "Url": "https://www.maxi.ca/butter-infused-frozen-turkey-11-kg/p/20992428_KG", "Sub Category": null, "English Name": "Butter Infused Frozen Turkey - 11 kg", "Size": "$6.81/1kg $3.09/1lb", "Size Label": "ea"}, {"Category": "Chicken & Turkey", "Aisle": "Meat", "Sku": "21018253_KG", "Regular Price": "None", "Sale Price": "8.80", "Image": "https://assets.shop.loblaws.ca/products/21018253/b1/en/front/21018253_front_a01_@2.png", "Brand": "Marvid Poultry", "Url": "https://www.maxi.ca/kosher-chicken-wings-buffalo/p/21018253_KG", "Sub Category": null, "English Name": "Kosher Chicken Wings Buffalo", "Size": "$11.66/1kg $5.29/1lb", "Size Label": "ea"}, {"Category": "Chicken & Turkey", "Aisle": "Meat", "Sku": "20054871_KG", "Regular Price": "None", "Sale Price": "14.16", "Image": "https://assets.shop.loblaws.ca/products/20054871/b1/en/front/20054871_front_a01_@2.png", "Brand": null, "Url": "https://www.maxi.ca/fresh-whole-chicken-tray-pack/p/20054871_KG", "Sub Category": null, "English Name": "Fresh Whole Chicken, Tray Pack", "Size": "$3.69/1lb $8.14/1kg", "Size Label": "ea"}, {"Category": "Chicken & Turkey", "Aisle": "Meat", "Sku": "20696567_KG", "Regular Price": "None", "Sale Price": "11.69", "Image": "https://assets.shop.loblaws.ca/products/20696567/b1/en/front/20696567_front_a01_@2.png", "Brand": "PC Blue Menu", "Url": "https://www.maxi.ca/air-chilled-turkey-breast-boneless-skinless/p/20696567_KG", "Sub Category": null, "English Name": "Air Chilled Turkey Breast, Boneless, Skinless", "Size": "$19.82/1kg $8.99/1lb", "Size Label": "ea"}, {"Category": "Chicken & Turkey", "Aisle": "Meat", "Sku": "21430606_EA", "Regular Price": "None", "Sale Price": "22.00", "Image": "https://assets.shop.loblaws.ca/products/21430606/b1/en/front/21430606_front_a01_@2.png", "Brand": "Sufra", "Url": "https://www.maxi.ca/halal-chicken-wings/p/21430606_EA", "Sub Category": null, "English Name": "Halal Chicken Wings", "Size": "2 kg", "Size Label": "ea"}, {"Category": "Chicken & Turkey", "Aisle": "Meat", "Sku": "20130770_KG", "Regular Price": "None", "Sale Price": "15.52", "Image": "https://assets.shop.loblaws.ca/products/20130770/b1/en/front/20130770_front_a01_@2.png", "Brand": null, "Url": "https://www.maxi.ca/kosher-chicken-breast-bone-in-club-pack/p/20130770_KG", "Sub Category": null, "English Name": "Kosher Chicken Breast Bone In, Club Pack", "Size": "$11.66/1kg $5.29/1lb", "Size Label": "ea"}, {"Category": "Chicken & Turkey", "Aisle": "Meat", "Sku": "20697394_KG", "Regular Price": "None", "Sale Price": "18.83", "Image": "https://assets.shop.loblaws.ca/products/20697394/b1/en/front/20697394_front_a01_@2.png", "Brand": "Marvid Poultry", "Url": "https://www.maxi.ca/kosher-chicken-breasts-boneless-skinless-frozen/p/20697394_KG", "Sub Category": null, "English Name": "Kosher Chicken Breasts, Boneless, Skinless, Frozen", "Size": "$20.92/1kg $9.49/1lb", "Size Label": "ea"}, {"Category": "Chicken & Turkey", "Aisle": "Meat", "Sku": "21430679_EA", "Regular Price": "None", "Sale Price": "17.00", "Image": "https://assets.shop.loblaws.ca/products/21430679/b1/en/front/21430679_front_a01_@2.png", "Brand": "Sufra", "Url": "https://www.maxi.ca/boneless-skinless-chicken-breasts/p/21430679_EA", "Sub Category": null, "English Name": "Boneless Skinless Chicken Breasts", "Size": "1.075 kg", "Size Label": "ea"}, {"Category": "Chicken & Turkey", "Aisle": "Meat", "Sku": "20009806_KG", "Regular Price": "None", "Sale Price": "12.97", "Image": "https://assets.shop.loblaws.ca/products/20009806/b1/en/front/20009806_front_a01_@2.png", "Brand": null, "Url": "https://www.maxi.ca/kosher-chicken-legs-club-pack/p/20009806_KG", "Sub Category": null, "English Name": "Kosher Chicken Legs, Club Pack", "Size": "$4.49/1lb $9.90/1kg", "Size Label": "ea"}, {"Category": "Chicken & Turkey", "Aisle": "Meat", "Sku": "21018254_KG", "Regular Price": "None", "Sale Price": "9.95", "Image": "https://assets.loblaws.ca/pcx_bronx_fe_assets/images/common/coming-soon-en-web.png", "Brand": "Marvid Poultry", "Url": "https://www.maxi.ca/chicken-wings-herbs/p/21018254_KG", "Sub Category": null, "English Name": "Chicken Wings, Herbs", "Size": "$11.66/1kg $5.29/1lb", "Size Label": "ea"}, {"Category": "Chicken & Turkey", "Aisle": "Meat", "Sku": "21430676_EA", "Regular Price": "None", "Sale Price": "9.00", "Image": "https://assets.shop.loblaws.ca/products/21430676/b1/en/front/21430676_front_a01_@2.png", "Brand": "Sufra", "Url": "https://www.maxi.ca/skin-on-chicken-legs/p/21430676_EA", "Sub Category": null, "English Name": "Skin-on Chicken Legs", "Size": "1.28 kg", "Size Label": "ea"}, {"Category": "Chicken & Turkey", "Aisle": "Meat", "Sku": "20697398_KG", "Regular Price": "None", "Sale Price": "7.30", "Image": "https://assets.shop.loblaws.ca/products/20697398/b1/en/front/20697398_front_a01_@2.png", "Brand": "Marvid Poultry", "Url": "https://www.maxi.ca/kosher-frozen-chicken-thighs/p/20697398_KG", "Sub Category": null, "English Name": "Kosher Frozen Chicken Thighs", "Size": "$11.66/1kg $5.29/1lb", "Size Label": "ea"}, {"Category": "Chicken & Turkey", "Aisle": "Meat", "Sku": "20829434_KG", "Regular Price": "None", "Sale Price": "15.58", "Image": "https://assets.shop.loblaws.ca/products/20829434/b1/en/front/20829434_front_a01_@2.png", "Brand": "Marvid Poultry", "Url": "https://www.maxi.ca/kosher-whole-cut-up-chicken/p/20829434_KG", "Sub Category": null, "English Name": "Kosher Whole Cut Up Chicken", "Size": "$4.53/1lb $9.99/1kg", "Size Label": "ea"}, {"Category": "Chicken & Turkey", "Aisle": "Meat", "Sku": "21378465_EA", "Regular Price": "None", "Sale Price": "8.00", "Image": "https://assets.shop.loblaws.ca/products/21378465/b1/en/front/21378465_front_a01_@2.png", "Brand": "President's Choice", "Url": "https://www.maxi.ca/free-from-extra-lean-ground-chicken/p/21378465_EA", "Sub Category": null, "English Name": "Free From Extra Lean Ground Chicken", "Size": "454 g", "Size Label": "ea"}, {"Category": "Chicken & Turkey", "Aisle": "Meat", "Sku": "21456143_KG", "Regular Price": "None", "Sale Price": "13.21", "Image": "https://assets.shop.loblaws.ca/products/21456143/b1/en/front/21456143_front_a01_@2.png", "Brand": "Houston Avenue Bar & Grill", "Url": "https://www.maxi.ca/portuguese-flavoured-flattened-chicken/p/21456143_KG", "Sub Category": null, "English Name": "Portuguese Flavoured Flattened Chicken ", "Size": "$13.21/1kg", "Size Label": "kg"}, {"Category": "Chicken & Turkey", "Aisle": "Meat", "Sku": "20022497_KG", "Regular Price": "None", "Sale Price": "61.52", "Image": "https://assets.shop.loblaws.ca/products/20022497/b1/en/front/20022497_front_a01_@2.png", "Brand": null, "Url": "https://www.maxi.ca/grade-a-fresh-turkey-7-9-kg/p/20022497_KG", "Sub Category": null, "English Name": "Grade A Fresh Turkey 7-9 Kg", "Size": "$7.69/1kg $3.49/1lb", "Size Label": "ea"}, {"Category": "Chicken & Turkey", "Aisle": "Meat", "Sku": "21217745_KG", "Regular Price": "None", "Sale Price": "26.46", "Image": "https://assets.shop.loblaws.ca/products/21217745/b1/en/front/21217745_front_a01_@2.png", "Brand": null, "Url": "https://www.maxi.ca/exceldor-turkey-seas-3-5kg-frozen/p/21217745_KG", "Sub Category": null, "English Name": "Exceldor Turkey Seas 3-5Kg Frozen", "Size": "$2.77/1lb $6.11/1kg", "Size Label": "ea"}, {"Category": "Chicken & Turkey", "Aisle": "Meat", "Sku": "20118435_KG", "Regular Price": "None", "Sale Price": "43.50", "Image": "https://assets.shop.loblaws.ca/products/20118435/b1/en/front/20118435_front_a01_@2.png", "Brand": "Butterball", "Url": "https://www.maxi.ca/frozen-turkey-5-7kg/p/20118435_KG", "Sub Category": null, "English Name": "Frozen Turkey 5-7kg", "Size": "$3.29/1lb $7.25/1kg", "Size Label": "ea"}, {"Category": "Chicken & Turkey", "Aisle": "Meat", "Sku": "20633115_EA", "Regular Price": "None", "Sale Price": "8.00", "Image": "https://assets.shop.loblaws.ca/products/20633115/b1/en/front/20633115_front_a01_@2.png", "Brand": "Maple Leaf", "Url": "https://www.maxi.ca/bone-in-chicken-thighs-raised-on-canadian-farms/p/20633115_EA", "Sub Category": null, "English Name": "Bone-in Chicken Thighs, Raised on Canadian Farms", "Size": "0.954 kg", "Size Label": "ea"}, {"Category": "Chicken & Turkey", "Aisle": "Meat", "Sku": "21193913_EA", "Regular Price": "None", "Sale Price": "11.99", "Image": "https://assets.shop.loblaws.ca/products/21193913/b1/en/front/21193913_front_a01_@2.png", "Brand": "Flamingo", "Url": "https://www.maxi.ca/chicken-burger/p/21193913_EA", "Sub Category": null, "English Name": "Chicken Burger", "Size": "680 g", "Size Label": "ea"}, {"Category": "Chicken & Turkey", "Aisle": "Meat", "Sku": "21185110_EA", "Regular Price": "None", "Sale Price": "12.00", "Image": "https://assets.shop.loblaws.ca/products/21185110/b1/en/front/21185110_front_a01_@2.png", "Brand": "Maple Leaf", "Url": "https://www.maxi.ca/boneless-skinless-chicken-breast-fillets-raised-on/p/21185110_EA", "Sub Category": null, "English Name": "Boneless Skinless Chicken Breast Fillets, Raised on Canadian Farms", "Size": "1 ea", "Size Label": "ea"}, {"Category": "Chicken & Turkey", "Aisle": "Meat", "Sku": "20992433_KG", "Regular Price": "None", "Sale Price": "27.24", "Image": "https://assets.shop.loblaws.ca/products/20992433/b1/en/front/20992433_front_a01_@2.png", "Brand": "President's Choice", "Url": "https://www.maxi.ca/butter-infused-frozen-young-turkey/p/20992433_KG", "Sub Category": null, "English Name": "Butter-Infused Frozen Young Turkey", "Size": "$6.81/1kg $3.09/1lb", "Size Label": "ea"}, {"Category": "Chicken & Turkey", "Aisle": "Meat", "Sku": "21284946_EA", "Regular Price": "None", "Sale Price": "40.00", "Image": "https://assets.shop.loblaws.ca/products/21284946/b1/en/front/21284946_front_a01_@2.png", "Brand": "President's Choice", "Url": "https://www.maxi.ca/butter-infused-stuffed-turkey-5-7-kg-frozen/p/21284946_EA", "Sub Category": null, "English Name": "Butter Infused Stuffed Turkey  5-7 Kg, Frozen", "Size": "1 kg", "Size Label": "ea"}, {"Category": "Chicken & Turkey", "Aisle": "Meat", "Sku": "20992514_KG", "Regular Price": "None", "Sale Price": "40.86", "Image": "https://assets.shop.loblaws.ca/products/20992514/b1/en/front/20992514_front_a01_@2.png", "Brand": "President's Choice", "Url": "https://www.maxi.ca/butter-infused-fresh-young-turkey/p/20992514_KG", "Sub Category": null, "English Name": "Butter-Infused Fresh Young Turkey", "Size": "$6.81/1kg $3.09/1lb", "Size Label": "ea"}, {"Category": "Chicken & Turkey", "Aisle": "Meat", "Sku": "20095387_KG", "Regular Price": "None", "Sale Price": "61.10", "Image": "https://assets.shop.loblaws.ca/products/20095387/b1/en/front/20095387_front_a01_@2.png", "Brand": null, "Url": "https://www.maxi.ca/frozen-grade-a-turkey-9-11-kg/p/20095387_KG", "Sub Category": null, "English Name": "Frozen Grade A Turkey 9-11 Kg", "Size": "$2.77/1lb $6.11/1kg", "Size Label": "ea"}, {"Category": "Chicken & Turkey", "Aisle": "Meat", "Sku": "20870551_EA", "Regular Price": "None", "Sale Price": "6.99", "Image": "https://assets.shop.loblaws.ca/products/20870551/b1/en/front/20870551_front_a01_@2.png", "Brand": "Butterball", "Url": "https://www.maxi.ca/homestyle-stuffing/p/20870551_EA", "Sub Category": null, "English Name": "Homestyle Stuffing", "Size": "900 g", "Size Label": "ea"}, {"Category": "Chicken & Turkey", "Aisle": "Meat", "Sku": "21377745_EA", "Regular Price": "None", "Sale Price": "24.99", "Image": "https://assets.shop.loblaws.ca/products/21377745/b1/en/front/21377745_front_a01_@2.png", "Brand": "Butterball", "Url": "https://www.maxi.ca/boneless-turkey-breast-roast/p/21377745_EA", "Sub Category": null, "English Name": "Boneless Turkey Breast Roast", "Size": "1.5 kg", "Size Label": "ea"}, {"Category": "Chicken & Turkey", "Aisle": "Meat", "Sku": "21427216_KG", "Regular Price": "None", "Sale Price": "26.52", "Image": "https://assets.shop.loblaws.ca/products/21427216/b1/en/front/21427216_front_a01_@2.png", "Brand": "Pinty's", "Url": "https://www.maxi.ca/young-turkey-seasoned-with-natural-flavours-frozen/p/21427216_KG", "Sub Category": null, "English Name": "Young Turkey Seasoned with Natural Flavours, Frozen", "Size": "$5.49/1kg $2.49/1lb", "Size Label": "ea"}, {"Category": "Pork", "Aisle": "Meat", "Sku": "20520970_KG", "Regular Price": "None", "Sale Price": "13.99", "Image": "https://assets.shop.loblaws.ca/products/20520970/b1/en/front/20520970_front_a01_@2.png", "Brand": null, "Url": "https://www.maxi.ca/pork-tenderloin-pack-of-2/p/20520970_KG", "Sub Category": null, "English Name": "Pork Tenderloin Pack of 2", "Size": "$13.20/1kg $5.99/1lb", "Size Label": "ea"}, {"Category": "Pork", "Aisle": "Meat", "Sku": "20883220_EA", "Regular Price": "None", "Sale Price": "7.49", "Image": "https://assets.shop.loblaws.ca/products/20883220/b1/en/front/20883220_front_a01_@2.png", "Brand": "President's Choice", "Url": "https://www.maxi.ca/free-from-lean-ground-pork/p/20883220_EA", "Sub Category": null, "English Name": "Free From Lean Ground Pork", "Size": "454 g", "Size Label": "ea"}, {"Category": "Pork", "Aisle": "Meat", "Sku": "20559641_KG", "Regular Price": "None", "Sale Price": "18.04", "Image": "https://assets.shop.loblaws.ca/products/20559641/b1/en/front/20559641_front_a01_@2.png", "Brand": null, "Url": "https://www.maxi.ca/cook-s-portion-ham/p/20559641_KG", "Sub Category": null, "English Name": "Cook's Portion Ham", "Size": "$4.39/1kg $1.99/1lb", "Size Label": "ea"}, {"Category": "Pork", "Aisle": "Meat", "Sku": "21094883_EA", "Regular Price": "17.99", "Sale Price": "10.99", "Image": "https://assets.shop.loblaws.ca/products/21094883/b1/en/front/21094883_front_a01_@2.png", "Brand": "Maple Leaf", "Url": "https://www.maxi.ca/original-natural-smoked-ham/p/21094883_EA", "Sub Category": null, "English Name": "Original Natural Smoked Ham", "Size": "600 g", "Size Label": "ea"}, {"Category": "Pork", "Aisle": "Meat", "Sku": "21094853_EA", "Regular Price": "17.99", "Sale Price": "10.99", "Image": "https://assets.shop.loblaws.ca/products/21094853/b1/en/front/21094853_front_a01_@2.png", "Brand": "Maple Leaf", "Url": "https://www.maxi.ca/natural-smoked-black-forest-ham/p/21094853_EA", "Sub Category": null, "English Name": "Natural Smoked Black Forest Ham", "Size": "600 g", "Size Label": "ea"}, {"Category": "Pork", "Aisle": "Meat", "Sku": "20731853_EA", "Regular Price": "None", "Sale Price": "5.00", "Image": "https://assets.shop.loblaws.ca/products/20731853/b1/en/front/20731853_front_a01_@2.png", "Brand": null, "Url": "https://www.maxi.ca/ground-pork/p/20731853_EA", "Sub Category": null, "English Name": "Ground Pork", "Size": "750 g", "Size Label": "ea"}, {"Category": "Pork", "Aisle": "Meat", "Sku": "20682690_EA", "Regular Price": "15.49", "Sale Price": "10.99", "Image": "https://assets.shop.loblaws.ca/products/20682690/b1/en/front/20682690_front_a01_@2.png", "Brand": "President's Choice", "Url": "https://www.maxi.ca/free-from-smoked-ham/p/20682690_EA", "Sub Category": null, "English Name": "Free From Smoked Ham", "Size": "700 g", "Size Label": "ea"}, {"Category": "Pork", "Aisle": "Meat", "Sku": "21097932_EA", "Regular Price": "None", "Sale Price": "15.99", "Image": "https://assets.shop.loblaws.ca/products/21097932/b1/en/front/21097932_front_a01_@2.png", "Brand": "Baton Rouge", "Url": "https://www.maxi.ca/bbq-pork-back-ribs/p/21097932_EA", "Sub Category": null, "English Name": "BBQ Pork Back Ribs", "Size": "585 g", "Size Label": "ea"}, {"Category": "Pork", "Aisle": "Meat", "Sku": "20711033_KG", "Regular Price": "None", "Sale Price": "8.23", "Image": "https://assets.shop.loblaws.ca/products/20711033/b1/en/front/20711033_front_a01_@2.png", "Brand": null, "Url": "https://www.maxi.ca/pork-loin-center-cutlette-boneless/p/20711033_KG", "Sub Category": null, "English Name": "Pork Loin Center Cutlette Boneless", "Size": "$15.39/1kg $6.98/1lb", "Size Label": "ea"}, {"Category": "Pork", "Aisle": "Meat", "Sku": "20108675_KG", "Regular Price": "None", "Sale Price": "5.00", "Image": "https://assets.shop.loblaws.ca/products/20108675/b1/en/front/20108675_front_a01_@2.png", "Brand": null, "Url": "https://www.maxi.ca/ground-pork-medium-club-pack/p/20108675_KG", "Sub Category": null, "English Name": "Ground Pork Medium, Club Pack", "Size": "$5.14/1kg $2.33/1lb", "Size Label": "ea"}, {"Category": "Pork", "Aisle": "Meat", "Sku": "20353297_KG", "Regular Price": "None", "Sale Price": "6.27", "Image": "https://assets.shop.loblaws.ca/products/20353297/b1/en/front/20353297_front_a01_@2.png", "Brand": null, "Url": "https://www.maxi.ca/ground-pork-lean-tray-pack/p/20353297_KG", "Sub Category": null, "English Name": "Ground Pork, Lean - Tray Pack", "Size": "$4.49/1lb $9.90/1kg", "Size Label": "ea"}, {"Category": "Pork", "Aisle": "Meat", "Sku": "20769496_KG", "Regular Price": "None", "Sale Price": "35.74", "Image": "https://assets.shop.loblaws.ca/products/20769496/b1/en/front/20769496_front_a01_@2.png", "Brand": null, "Url": "https://www.maxi.ca/pork-back-ribs-2-pack/p/20769496_KG", "Sub Category": null, "English Name": "Pork Back Ribs, 2-pack", "Size": "$15.41/1kg $6.99/1lb", "Size Label": "ea"}, {"Category": "Pork", "Aisle": "Meat", "Sku": "20353851_KG", "Regular Price": "None", "Sale Price": "11.45", "Image": "https://assets.shop.loblaws.ca/products/20353851/b1/en/front/20353851_front_a01_@2.png", "Brand": null, "Url": "https://www.maxi.ca/lean-ground-pork-club-pack/p/20353851_KG", "Sub Category": null, "English Name": "Lean Ground Pork, Club Pack", "Size": "$4.49/1lb $9.90/1kg", "Size Label": "ea"}, {"Category": "Pork", "Aisle": "Meat", "Sku": "20289619_KG", "Regular Price": "None", "Sale Price": "21.27", "Image": "https://assets.shop.loblaws.ca/products/20289619/b1/en/front/20289619_front_a01_@2.png", "Brand": null, "Url": "https://www.maxi.ca/pork-side-rib-portion/p/20289619_KG", "Sub Category": null, "English Name": "Pork Side Rib Portion ", "Size": "$11.00/1kg $4.99/1lb", "Size Label": "ea"}, {"Category": "Pork", "Aisle": "Meat", "Sku": "20710973_KG", "Regular Price": "None", "Sale Price": "16.53", "Image": "https://assets.shop.loblaws.ca/products/20710973/b1/en/front/20710973_front_a01_@2.png", "Brand": null, "Url": "https://www.maxi.ca/back-ribs-portion/p/20710973_KG", "Sub Category": null, "English Name": "Back Ribs Portion", "Size": "$19.82/1kg $8.99/1lb", "Size Label": "ea"}, {"Category": "Pork", "Aisle": "Meat", "Sku": "20941862_KG", "Regular Price": "None", "Sale Price": "22.51", "Image": "https://assets.shop.loblaws.ca/products/20941862/b1/en/front/20941862_front_a01_@2.png", "Brand": null, "Url": "https://www.maxi.ca/pork-tenderloin-club-pack/p/20941862_KG", "Sub Category": null, "English Name": "Pork Tenderloin, Club Pack", "Size": "$7.29/1lb $16.07/1kg", "Size Label": "ea"}, {"Category": "Pork", "Aisle": "Meat", "Sku": "20711031_KG", "Regular Price": "None", "Sale Price": "9.90", "Image": "https://assets.shop.loblaws.ca/products/20711031/b1/en/front/20711031_front_a01_@2.png", "Brand": null, "Url": "https://www.maxi.ca/pork-boneless-chop-centre-and-rib-club-pack/p/20711031_KG", "Sub Category": null, "English Name": "Pork Boneless Chop Centre and Rib Club Pack", "Size": "$11.00/1kg $4.99/1lb", "Size Label": "ea"}, {"Category": "Pork", "Aisle": "Meat", "Sku": "20710887_KG", "Regular Price": "None", "Sale Price": "8.06", "Image": "https://assets.shop.loblaws.ca/products/20710887/b1/en/front/20710887_front_a01_@2.png", "Brand": null, "Url": "https://www.maxi.ca/pork-tenderloin/p/20710887_KG", "Sub Category": null, "English Name": "Pork Tenderloin", "Size": "$17.61/1kg $7.99/1lb", "Size Label": "ea"}, {"Category": "Pork", "Aisle": "Meat", "Sku": "20725731_EA", "Regular Price": "5.99", "Sale Price": "4.49", "Image": "https://assets.shop.loblaws.ca/products/20725731/b1/en/front/20725731_front_a01_@2.png", "Brand": "Royal", "Url": "https://www.maxi.ca/toupie-style-smoked-ham-steak-boneless/p/20725731_EA", "Sub Category": null, "English Name": "Toupie-Style Smoked Ham Steak Boneless", "Size": "400 g", "Size Label": "ea"}, {"Category": "Pork", "Aisle": "Meat", "Sku": "20908262_EA", "Regular Price": "None", "Sale Price": "17.49", "Image": "https://assets.shop.loblaws.ca/products/20908262/b1/en/front/20908262_front_a01_@2.png", "Brand": "Olymel", "Url": "https://www.maxi.ca/smoked-boneless-toupie-ham/p/20908262_EA", "Sub Category": null, "English Name": "Smoked Boneless Toupie Ham", "Size": "1.6 kg", "Size Label": "ea"}, {"Category": "Pork", "Aisle": "Meat", "Sku": "21085955_EA", "Regular Price": "10.99", "Sale Price": "8.99", "Image": "https://assets.shop.loblaws.ca/products/21085955/b1/en/front/21085955_front_a01_@2.png", "Brand": "Gaspesien", "Url": "https://www.maxi.ca/smoked-ham-toupie-style/p/21085955_EA", "Sub Category": null, "English Name": "Smoked Ham Toupie Style", "Size": "750 g", "Size Label": "ea"}, {"Category": "Pork", "Aisle": "Meat", "Sku": "20790391_KG", "Regular Price": "None", "Sale Price": "4.75", "Image": "https://assets.shop.loblaws.ca/products/20790391/b1/en/front/20790391_front_a01_@2.png", "Brand": null, "Url": "https://www.maxi.ca/smoked-pork-cottage-roll-half/p/20790391_KG", "Sub Category": null, "English Name": "Smoked Pork Cottage Roll Half", "Size": "$3.63/1lb $7.99/1kg", "Size Label": "ea"}, {"Category": "Pork", "Aisle": "Meat", "Sku": "21094948_EA", "Regular Price": "None", "Sale Price": "18.99", "Image": "https://assets.shop.loblaws.ca/products/21094948/b1/en/front/21094948_front_a01_@2.png", "Brand": "Maple Leaf", "Url": "https://www.maxi.ca/natural-smoked-honey-ham/p/21094948_EA", "Sub Category": null, "English Name": "Natural Smoked Honey Ham", "Size": "600 g", "Size Label": "ea"}, {"Category": "Pork", "Aisle": "Meat", "Sku": "21497625_KG", "Regular Price": "None", "Sale Price": "15.82", "Image": "https://assets.shop.loblaws.ca/products/21497625/b1/en/front/21497625_front_a01_@2.png", "Brand": null, "Url": "https://www.maxi.ca/pork-back-ribs/p/21497625_KG", "Sub Category": null, "English Name": "Pork Back Ribs", "Size": "$17.62/1kg $7.99/1lb", "Size Label": "ea"}, {"Category": "Pork", "Aisle": "Meat", "Sku": "20096920_KG", "Regular Price": "None", "Sale Price": "13.76", "Image": "https://assets.shop.loblaws.ca/products/20096920/b1/en/front/20096920_front_a01_@2.png", "Brand": null, "Url": "https://www.maxi.ca/pork-rib-chop-boneless-club-pack/p/20096920_KG", "Sub Category": null, "English Name": "Pork Rib Chop, Boneless Club Pack", "Size": "$13.20/1kg $5.99/1lb", "Size Label": "ea"}, {"Category": "Pork", "Aisle": "Meat", "Sku": "21101394_KG", "Regular Price": "None", "Sale Price": "5.20", "Image": "https://assets.shop.loblaws.ca/products/21101394/b1/en/front/21101394_front_a01_@2.png", "Brand": "President's Choice", "Url": "https://www.maxi.ca/free-from-boneless-rib-pork-chop/p/21101394_KG", "Sub Category": null, "English Name": "Free From Boneless Rib Pork Chop", "Size": "$12.10/1kg $5.49/1lb", "Size Label": "ea"}, {"Category": "Pork", "Aisle": "Meat", "Sku": "20711038_KG", "Regular Price": "None", "Sale Price": "14.85", "Image": "https://assets.shop.loblaws.ca/products/20711038/b1/en/front/20711038_front_a01_@2.png", "Brand": null, "Url": "https://www.maxi.ca/pork-loin-combo-end-chop-club-pack/p/20711038_KG", "Sub Category": null, "English Name": "Pork Loin, Combo End Chop, Club Pack", "Size": "$11.00/1kg $4.99/1lb", "Size Label": "ea"}, {"Category": "Pork", "Aisle": "Meat", "Sku": "20710972_KG", "Regular Price": "None", "Sale Price": "8.44", "Image": "https://assets.shop.loblaws.ca/products/20710972/b1/en/front/20710972_front_a01_@2.png", "Brand": null, "Url": "https://www.maxi.ca/pork-centre-chop/p/20710972_KG", "Sub Category": null, "English Name": "Pork Centre Chop", "Size": "$13.21/1kg $5.99/1lb", "Size Label": "ea"}, {"Category": "Pork", "Aisle": "Meat", "Sku": "21220588_KG", "Regular Price": "None", "Sale Price": "21.73", "Image": "https://assets.shop.loblaws.ca/products/21220588/b1/en/front/21220588_front_a01_@2.png", "Brand": "Schneider", "Url": "https://www.maxi.ca/applewood-smoked-original-ham/p/21220588_KG", "Sub Category": null, "English Name": "Applewood Smoked Original Ham", "Size": "$15.41/1kg $6.99/1lb", "Size Label": "ea"}, {"Category": "Pork", "Aisle": "Meat", "Sku": "21517824_EA", "Regular Price": "None", "Sale Price": "13.99", "Image": "https://assets.shop.loblaws.ca/products/21517824/b1/en/front/21517824_front_a01_@2.png", "Brand": "President's Choice", "Url": "https://www.maxi.ca/carolina-gold-sauce-pork-back-ribs/p/21517824_EA", "Sub Category": null, "English Name": "Carolina Gold Sauce Pork Back Ribs", "Size": "500 g", "Size Label": "ea"}, {"Category": "Pork", "Aisle": "Meat", "Sku": "21178472_EA", "Regular Price": "None", "Sale Price": "14.99", "Image": "https://assets.shop.loblaws.ca/products/21178472/b1/en/front/21178472_front_a01_@2.png", "Brand": "President's Choice", "Url": "https://www.maxi.ca/dry-rubbed-sea-salt-black-pepper-pork-back-ribs/p/21178472_EA", "Sub Category": null, "English Name": "Dry-Rubbed Sea Salt & Black Pepper Pork Back Ribs", "Size": "680 g", "Size Label": "ea"}, {"Category": "Pork", "Aisle": "Meat", "Sku": "20155355_KG", "Regular Price": "None", "Sale Price": "14.13", "Image": "https://assets.shop.loblaws.ca/products/20155355/b1/en/front/20155355_front_a01_@2.png", "Brand": null, "Url": "https://www.maxi.ca/pork-classic-roast/p/20155355_KG", "Sub Category": null, "English Name": "Pork Classic Roast", "Size": "$3.79/1lb $8.36/1kg", "Size Label": "ea"}, {"Category": "Pork", "Aisle": "Meat", "Sku": "20711035_KG", "Regular Price": "None", "Sale Price": "8.59", "Image": "https://assets.shop.loblaws.ca/products/20711035/b1/en/front/20711035_front_a01_@2.png", "Brand": null, "Url": "https://www.maxi.ca/pork-loin-centre-chop-fast-fry-bone-in/p/20711035_KG", "Sub Category": null, "English Name": "Pork Loin Centre Chop Fast Fry, Bone-in", "Size": "$6.49/1lb $14.31/1kg", "Size Label": "ea"}, {"Category": "Pork", "Aisle": "Meat", "Sku": "20710882_KG", "Regular Price": "None", "Sale Price": "11.79", "Image": "https://assets.shop.loblaws.ca/products/20710882/b1/en/front/20710882_front_a01_@2.png", "Brand": null, "Url": "https://www.maxi.ca/pork-shoulder-picnic-roast/p/20710882_KG", "Sub Category": null, "English Name": "Pork Shoulder Picnic Roast", "Size": "$3.99/1lb $8.80/1kg", "Size Label": "ea"}, {"Category": "Pork", "Aisle": "Meat", "Sku": "20710884_KG", "Regular Price": "None", "Sale Price": "13.77", "Image": "https://assets.shop.loblaws.ca/products/20710884/b1/en/front/20710884_front_a01_@2.png", "Brand": null, "Url": "https://www.maxi.ca/pork-side-rib-club-pack/p/20710884_KG", "Sub Category": null, "English Name": "Pork Side Rib, Club Pack", "Size": "$6.49/1lb $14.31/1kg", "Size Label": "ea"}, {"Category": "Pork", "Aisle": "Meat", "Sku": "20710330_KG", "Regular Price": "None", "Sale Price": "15.64", "Image": "https://assets.shop.loblaws.ca/products/20710330/b1/en/front/20710330_front_a01_@2.png", "Brand": null, "Url": "https://www.maxi.ca/pork-loin-centre-chop-bone-in-club-pack/p/20710330_KG", "Sub Category": null, "English Name": "Pork Loin Centre Chop, Bone-in, Club Pack", "Size": "$12.10/1kg $5.49/1lb", "Size Label": "ea"}, {"Category": "Pork", "Aisle": "Meat", "Sku": "21101063_KG", "Regular Price": "None", "Sale Price": "23.39", "Image": "https://assets.shop.loblaws.ca/products/21101063/b1/en/front/21101063_front_a01_@2.png", "Brand": "President's Choice", "Url": "https://www.maxi.ca/free-from-pork-side-ribs-breast-bone-removed/p/21101063_KG", "Sub Category": null, "English Name": "Free From Pork Side Ribs, Breast Bone Removed", "Size": "$6.49/1lb $14.31/1kg", "Size Label": "ea"}, {"Category": "Pork", "Aisle": "Meat", "Sku": "20710980_KG", "Regular Price": "None", "Sale Price": "6.30", "Image": "https://assets.shop.loblaws.ca/products/20710980/b1/en/front/20710980_front_a01_@2.png", "Brand": null, "Url": "https://www.maxi.ca/pork-loin-centre-rib-boneless-chop/p/20710980_KG", "Sub Category": null, "English Name": "Pork Loin Centre & Rib Boneless Chop", "Size": "$6.09/1lb $13.43/1kg", "Size Label": "ea"}, {"Category": "Pork", "Aisle": "Meat", "Sku": "20709999_KG", "Regular Price": "None", "Sale Price": "5.51", "Image": "https://assets.shop.loblaws.ca/products/20709999/b1/en/front/20709999_front_a01_@2.png", "Brand": null, "Url": "https://www.maxi.ca/pork-leg-inside-scaloppini/p/20709999_KG", "Sub Category": null, "English Name": "Pork Leg Inside Scaloppini", "Size": "$22.02/1kg $9.99/1lb", "Size Label": "ea"}, {"Category": "Pork", "Aisle": "Meat", "Sku": "20008345_KG", "Regular Price": "None", "Sale Price": "5.15", "Image": "https://assets.shop.loblaws.ca/products/20008345/b1/en/front/20008345_front_a01_@2.png", "Brand": null, "Url": "https://www.maxi.ca/medium-ground-pork/p/20008345_KG", "Sub Category": null, "English Name": "Medium Ground Pork", "Size": "$4.49/1lb $9.90/1kg", "Size Label": "ea"}, {"Category": "Pork", "Aisle": "Meat", "Sku": "20779714_KG", "Regular Price": "None", "Sale Price": "5.03", "Image": "https://assets.shop.loblaws.ca/products/20779714/b1/en/front/20779714_front_a01_@2.png", "Brand": null, "Url": "https://www.maxi.ca/ground-pork-lean/p/20779714_KG", "Sub Category": null, "English Name": "Ground Pork, Lean", "Size": "$4.49/1lb $9.90/1kg", "Size Label": "ea"}, {"Category": "Pork", "Aisle": "Meat", "Sku": "20909711_EA", "Regular Price": "None", "Sale Price": "5.00", "Image": "https://assets.shop.loblaws.ca/products/20909711/b1/en/front/20909711_front_a01_@2.png", "Brand": null, "Url": "https://www.maxi.ca/lean-ground-pork/p/20909711_EA", "Sub Category": null, "English Name": "Lean Ground Pork", "Size": "375 g", "Size Label": "ea"}, {"Category": "Pork", "Aisle": "Meat", "Sku": "20705983_KG", "Regular Price": "None", "Sale Price": "13.01", "Image": "https://assets.shop.loblaws.ca/products/20705983/b1/en/front/20705983_front_a01_@2.png", "Brand": null, "Url": "https://www.maxi.ca/pork-back-ribs/p/20705983_KG", "Sub Category": null, "English Name": "Pork Back Ribs", "Size": "$5.93/1kg $2.69/1lb", "Size Label": "ea"}, {"Category": "Pork", "Aisle": "Meat", "Sku": "21085938_EA", "Regular Price": "8.99", "Sale Price": "5.49", "Image": "https://assets.shop.loblaws.ca/products/21085938/b1/en/front/21085938_front_a01_@2.png", "Brand": "Gaspesien", "Url": "https://www.maxi.ca/smoked-ham-breakfast/p/21085938_EA", "Sub Category": null, "English Name": "Smoked Ham Breakfast", "Size": "400 g", "Size Label": "ea"}, {"Category": "Pork", "Aisle": "Meat", "Sku": "20719693_EA", "Regular Price": "15.99", "Sale Price": "12.99", "Image": "https://assets.shop.loblaws.ca/products/20719693/b1/en/front/20719693_front_a01_@2.png", "Brand": "St Hubert", "Url": "https://www.maxi.ca/frozen-back-ribs/p/20719693_EA", "Sub Category": null, "English Name": "Frozen Back Ribs", "Size": "680 g", "Size Label": "ea"}, {"Category": "Pork", "Aisle": "Meat", "Sku": "21532545_EA", "Regular Price": "None", "Sale Price": "13.99", "Image": "https://assets.shop.loblaws.ca/products/21532545/b1/en/front/21532545_front_a01_@2.png", "Brand": "La Cage", "Url": "https://www.maxi.ca/pork-rib-half-texas-bbq/p/21532545_EA", "Sub Category": null, "English Name": "Pork Rib Half, Texas BBQ", "Size": "550 g", "Size Label": "ea"}, {"Category": "Pork", "Aisle": "Meat", "Sku": "21383548_EA", "Regular Price": "None", "Sale Price": "11.49", "Image": "https://assets.shop.loblaws.ca/products/21383548/b1/en/front/21383548_front_a01_@2.png", "Brand": "L Fortin", "Url": "https://www.maxi.ca/smoked-ham-mechoui/p/21383548_EA", "Sub Category": null, "English Name": "Smoked Ham Mechoui ", "Size": "820 g", "Size Label": "ea"}, {"Category": "Pork", "Aisle": "Meat", "Sku": "20837412_EA", "Regular Price": "16.99", "Sale Price": "14.99", "Image": "https://assets.shop.loblaws.ca/products/20837412/b1/en/front/20837412_front_a01_@2.png", "Brand": "Royal", "Url": "https://www.maxi.ca/toupie-style-smoked-ham-boneless-half-ham/p/20837412_EA", "Sub Category": null, "English Name": "Toupie-Style Smoked Ham Boneless Half Ham", "Size": "1.4 kg", "Size Label": "ea"}, {"Category": "Pork", "Aisle": "Meat", "Sku": "21306158_KG", "Regular Price": "None", "Sale Price": "32.77", "Image": "https://assets.shop.loblaws.ca/products/21306158/b1/en/front/21306158_front_a01_@2.png", "Brand": "President's Choice", "Url": "https://www.maxi.ca/boneless-spiral-sliced-hickory-smoked-ham-with-bro/p/21306158_KG", "Sub Category": null, "English Name": "Boneless Spiral-Sliced Hickory-Smoked Ham with Brown Sugar Glaze Pouch ", "Size": "$17.62/1kg $7.99/1lb", "Size Label": "ea"}, {"Category": "Pork", "Aisle": "Meat", "Sku": "20185877_KG", "Regular Price": "None", "Sale Price": "8.86", "Image": "https://assets.shop.loblaws.ca/products/20185877/b1/en/front/20185877_front_a01_@2.png", "Brand": null, "Url": "https://www.maxi.ca/frozen-pork-hock-club-pack/p/20185877_KG", "Sub Category": null, "English Name": "Frozen Pork Hock, Club Pack", "Size": "$3.99/1lb $8.80/1kg", "Size Label": "ea"}, {"Category": "Pork", "Aisle": "Meat", "Sku": "20710976_KG", "Regular Price": "None", "Sale Price": "13.03", "Image": "https://assets.shop.loblaws.ca/products/20710976/b1/en/front/20710976_front_a01_@2.png", "Brand": null, "Url": "https://www.maxi.ca/pork-loin-center-roast-boneless/p/20710976_KG", "Sub Category": null, "English Name": "Pork Loin Center Roast Boneless", "Size": "$6.79/1lb $14.97/1kg", "Size Label": "ea"}, {"Category": "Pork", "Aisle": "Meat", "Sku": "20580894_EA", "Regular Price": "None", "Sale Price": "4.00", "Image": "https://assets.shop.loblaws.ca/products/20580894/b1/en/front/20580894_front_a01_@2.png", "Brand": null, "Url": "https://www.maxi.ca/boneless-combo-chops/p/20580894_EA", "Sub Category": null, "English Name": "Boneless Combo Chops", "Size": "300 g", "Size Label": "ea"}, {"Category": "Pork", "Aisle": "Meat", "Sku": "20047717_KG", "Regular Price": "None", "Sale Price": "2.62", "Image": "https://assets.loblaws.ca/pcx_bronx_fe_assets/images/common/coming-soon-en-web.png", "Brand": null, "Url": "https://www.maxi.ca/salted-flat-back-pork/p/20047717_KG", "Sub Category": null, "English Name": "Salted Flat Back Pork", "Size": "$4.49/1lb $9.90/1kg", "Size Label": "ea"}, {"Category": "Pork", "Aisle": "Meat", "Sku": "21101354_KG", "Regular Price": "None", "Sale Price": "8.59", "Image": "https://assets.shop.loblaws.ca/products/21101354/b1/en/front/21101354_front_a01_@2.png", "Brand": "President's Choice", "Url": "https://www.maxi.ca/free-from-boneless-pork-centre-chops/p/21101354_KG", "Sub Category": null, "English Name": "Free From Boneless Pork Centre Chops ", "Size": "$16.51/1kg $7.49/1lb", "Size Label": "ea"}, {"Category": "Pork", "Aisle": "Meat", "Sku": "21101398_KG", "Regular Price": "None", "Sale Price": "15.85", "Image": "https://assets.shop.loblaws.ca/products/21101398/b1/en/front/21101398_front_a01_@2.png", "Brand": "President's Choice", "Url": "https://www.maxi.ca/free-from-boneless-centre-loin-roast/p/21101398_KG", "Sub Category": null, "English Name": "Free From Boneless Centre Loin Roast", "Size": "$16.51/1kg $7.49/1lb", "Size Label": "ea"}, {"Category": "Pork", "Aisle": "Meat", "Sku": "21426667_KG", "Regular Price": "None", "Sale Price": "8.10", "Image": "https://assets.shop.loblaws.ca/products/21426667/b1/en/front/21426667_front_a01_@2.png", "Brand": null, "Url": "https://www.maxi.ca/pork-sliced-belly/p/21426667_KG", "Sub Category": null, "English Name": "Pork Sliced Belly", "Size": "$8.48/1lb $18.70/1kg", "Size Label": "ea"}, {"Category": "Pork", "Aisle": "Meat", "Sku": "20661601_KG", "Regular Price": "None", "Sale Price": "9.58", "Image": "https://assets.shop.loblaws.ca/products/20661601/b1/en/front/20661601_front_a01_@2.png", "Brand": null, "Url": "https://www.maxi.ca/pork-shank-osso-buco-cut/p/20661601_KG", "Sub Category": null, "English Name": "Pork Shank, Osso Buco Cut", "Size": "$16.51/1kg $7.49/1lb", "Size Label": "ea"}, {"Category": "Pork", "Aisle": "Meat", "Sku": "20865209_KG", "Regular Price": "None", "Sale Price": "6.24", "Image": "https://assets.shop.loblaws.ca/products/20865209/b1/en/front/20865209_front_a01_@2.png", "Brand": null, "Url": "https://www.maxi.ca/pork-liver/p/20865209_KG", "Sub Category": null, "English Name": "Pork Liver", "Size": "$9.46/1kg $4.29/1lb", "Size Label": "ea"}, {"Category": "Pork", "Aisle": "Meat", "Sku": "20708222_KG", "Regular Price": "None", "Sale Price": "6.48", "Image": "https://assets.shop.loblaws.ca/products/20708222/b1/en/front/20708222_front_a01_@2.png", "Brand": "Gaspesien", "Url": "https://www.maxi.ca/pickled-pork-roll/p/20708222_KG", "Sub Category": null, "English Name": "Pickled Pork Roll", "Size": "$13.21/1kg $5.99/1lb", "Size Label": "ea"}, {"Category": "Pork", "Aisle": "Meat", "Sku": "21425844_EA", "Regular Price": "6.49", "Sale Price": "3.99", "Image": "https://assets.shop.loblaws.ca/products/21425844/b1/en/front/21425844_front_a01_@2.png", "Brand": "Gaspesien", "Url": "https://www.maxi.ca/steak-smoked-ham/p/21425844_EA", "Sub Category": null, "English Name": "Steak Smoked Ham", "Size": "250 g", "Size Label": "ea"}, {"Category": "Pork", "Aisle": "Meat", "Sku": "20837413_EA", "Regular Price": "10.49", "Sale Price": "6.99", "Image": "https://assets.shop.loblaws.ca/products/20837413/b1/en/front/20837413_front_a01_@2.png", "Brand": "Royal", "Url": "https://www.maxi.ca/toupie-quarter-ham/p/20837413_EA", "Sub Category": null, "English Name": "Toupie Quarter Ham", "Size": "700 g", "Size Label": "ea"}, {"Category": "Pork", "Aisle": "Meat", "Sku": "21529575_EA", "Regular Price": "None", "Sale Price": "13.49", "Image": "https://assets.shop.loblaws.ca/products/21529575/b1/en/front/21529575_front_a01_@2.png", "Brand": "Lous", "Url": "https://www.maxi.ca/tender-slow-roasted-pork-back-ribs-fully-cooked-in/p/21529575_EA", "Sub Category": null, "English Name": "Tender Slow Roasted Pork Back Ribs Fully Cooked In Barbecue Sauce", "Size": "600 g", "Size Label": "ea"}, {"Category": "Pork", "Aisle": "Meat", "Sku": "20655295_EA", "Regular Price": "None", "Sale Price": "6.00", "Image": "https://assets.shop.loblaws.ca/products/20655295/b1/en/front/20655295_front_a01_@2.png", "Brand": null, "Url": "https://www.maxi.ca/thick-centre-cut-pork-loin-steak-boneless/p/20655295_EA", "Sub Category": null, "English Name": "Thick Centre Cut Pork Loin Steak, Boneless", "Size": "380 g", "Size Label": "ea"}, {"Category": "Pork", "Aisle": "Meat", "Sku": "20067581_KG", "Regular Price": "None", "Sale Price": "6.75", "Image": "https://assets.shop.loblaws.ca/products/20067581/b1/en/front/20067581_front_a01_@2.png", "Brand": null, "Url": "https://www.maxi.ca/extra-lean-ground-pork/p/20067581_KG", "Sub Category": null, "English Name": "Extra Lean Ground Pork", "Size": "$13.21/1kg $5.99/1lb", "Size Label": "ea"}, {"Category": "Pork", "Aisle": "Meat", "Sku": "21024992_KG", "Regular Price": "None", "Sale Price": "8.01", "Image": "https://assets.shop.loblaws.ca/products/21024992/b1/en/front/21024992_front_a01_@2.png", "Brand": null, "Url": "https://www.maxi.ca/boneless-breaded-pork-loin-cutlets/p/21024992_KG", "Sub Category": null, "English Name": "Boneless Breaded Pork Loin Cutlets", "Size": "$7.79/1lb $17.17/1kg", "Size Label": "ea"}, {"Category": "Pork", "Aisle": "Meat", "Sku": "21379453_EA", "Regular Price": "None", "Sale Price": "3.49", "Image": "https://assets.shop.loblaws.ca/products/21379453/b1/en/front/21379453_front_a01_@2.png", "Brand": null, "Url": "https://www.maxi.ca/grilled-pork-b-cheron/p/21379453_EA", "Sub Category": null, "English Name": "Grilled Pork B\u00fbcheron", "Size": "100 g", "Size Label": "ea"}, {"Category": "Pork", "Aisle": "Meat", "Sku": "21101060_KG", "Regular Price": "None", "Sale Price": "9.64", "Image": "https://assets.shop.loblaws.ca/products/21101060/b1/en/front/21101060_front_a01_@2.png", "Brand": "President's Choice", "Url": "https://www.maxi.ca/free-from-pork-boneless-rib-roast/p/21101060_KG", "Sub Category": null, "English Name": "Free From Pork Boneless Rib Roast", "Size": "$13.21/1kg", "Size Label": "ea"}, {"Category": "Pork", "Aisle": "Meat", "Sku": "20033392_KG", "Regular Price": "None", "Sale Price": "4.19", "Image": "https://assets.shop.loblaws.ca/products/20033392/b1/en/front/20033392_front_a01_@2.png", "Brand": null, "Url": "https://www.maxi.ca/salted-flank-pork/p/20033392_KG", "Sub Category": null, "English Name": "Salted Flank Pork", "Size": "$13.87/1kg $6.29/1lb", "Size Label": "ea"}, {"Category": "Pork", "Aisle": "Meat", "Sku": "20216499_KG", "Regular Price": "None", "Sale Price": "15.40", "Image": "https://assets.shop.loblaws.ca/products/20216499/b1/en/front/20216499_front_a01_@2.png", "Brand": null, "Url": "https://www.maxi.ca/pork-loin-combo-chops-club-pack/p/20216499_KG", "Sub Category": null, "English Name": "Pork Loin Combo Chops, Club Pack", "Size": "$11.00/1kg $4.99/1lb", "Size Label": "ea"}, {"Category": "Pork", "Aisle": "Meat", "Sku": "20708170_EA", "Regular Price": "6.49", "Sale Price": "3.99", "Image": "https://assets.shop.loblaws.ca/products/20708170/b1/en/front/20708170_front_a01_@2.png", "Brand": "Gaspesien", "Url": "https://www.maxi.ca/breakfast-ham-sliced/p/20708170_EA", "Sub Category": null, "English Name": "Breakfast Ham, Sliced", "Size": "250 g", "Size Label": "ea"}, {"Category": "Pork", "Aisle": "Meat", "Sku": "21530760_EA", "Regular Price": "None", "Sale Price": "8.49", "Image": "https://assets.shop.loblaws.ca/products/21530760/b1/en/front/21530760_front_a01_@2.png", "Brand": "Schneider", "Url": "https://www.maxi.ca/stadium-size-footlong-wieners/p/21530760_EA", "Sub Category": null, "English Name": "Stadium Size Footlong Wieners", "Size": "375 g", "Size Label": "ea"}, {"Category": "Offals, Game Meat & Fowl", "Aisle": "Meat", "Sku": "20064889_KG", "Regular Price": "None", "Sale Price": "2.41", "Image": "https://assets.shop.loblaws.ca/products/20064889/b1/en/front/20064889_front_a01_@2.png", "Brand": "Marvid Poultry", "Url": "https://www.maxi.ca/kosher-chicken-bones/p/20064889_KG", "Sub Category": null, "English Name": "Kosher Chicken Bones", "Size": "$5.05/1kg $2.29/1lb", "Size Label": "ea"}, {"Category": "Offals, Game Meat & Fowl", "Aisle": "Meat", "Sku": "20078881_KG", "Regular Price": "None", "Sale Price": "33.03", "Image": "https://assets.shop.loblaws.ca/products/20078881/b1/en/front/20078881_front_a01_@2.png", "Brand": null, "Url": "https://www.maxi.ca/grade-a-frozen-duck/p/20078881_KG", "Sub Category": null, "English Name": "Grade A Frozen Duck", "Size": "$13.21/1kg $5.99/1lb", "Size Label": "ea"}, {"Category": "Offals, Game Meat & Fowl", "Aisle": "Meat", "Sku": "20149139_KG", "Regular Price": "None", "Sale Price": "10.16", "Image": "https://assets.shop.loblaws.ca/products/20149139/b1/en/front/20149139_front_a01_@2.png", "Brand": null, "Url": "https://www.maxi.ca/frozen-cornish-hen-grade-a/p/20149139_KG", "Sub Category": null, "English Name": "Frozen Cornish Hen, Grade A", "Size": "$12.10/1kg $5.49/1lb", "Size Label": "ea"}, {"Category": "Offals, Game Meat & Fowl", "Aisle": "Meat", "Sku": "20155407_KG", "Regular Price": "None", "Sale Price": "26.23", "Image": "https://assets.shop.loblaws.ca/products/20155407/b1/en/front/20155407_front_a01_@2.png", "Brand": "Oka", "Url": "https://www.maxi.ca/fresh-rabbit/p/20155407_KG", "Sub Category": null, "English Name": "Fresh Rabbit", "Size": "$19.82/1kg $8.99/1lb", "Size Label": "ea"}, {"Category": "Offals, Game Meat & Fowl", "Aisle": "Meat", "Sku": "21160379_EA", "Regular Price": "None", "Sale Price": "16.49", "Image": "https://assets.shop.loblaws.ca/products/21160379/b1/en/front/21160379_front_a01_@2.png", "Brand": "Brome Lake", "Url": "https://www.maxi.ca/confit-duck-legs/p/21160379_EA", "Sub Category": null, "English Name": "Confit Duck Legs", "Size": "330 g", "Size Label": "ea"}, {"Category": "Offals, Game Meat & Fowl", "Aisle": "Meat", "Sku": "20706609_EA", "Regular Price": "None", "Sale Price": "10.99", "Image": "https://assets.shop.loblaws.ca/products/20706609/b1/en/front/20706609_front_a01_@2.png", "Brand": null, "Url": "https://www.maxi.ca/ground-bison/p/20706609_EA", "Sub Category": null, "English Name": "Ground Bison", "Size": "280 g", "Size Label": "ea"}, {"Category": "Offals, Game Meat & Fowl", "Aisle": "Meat", "Sku": "21549276_EA", "Regular Price": "None", "Sale Price": "11.99", "Image": "https://assets.shop.loblaws.ca/products/21549276/b1/en/front/21549276_front_a01_@2.png", "Brand": null, "Url": "https://www.maxi.ca/horse-meat-extra-ground-lean/p/21549276_EA", "Sub Category": null, "English Name": "Horse Meat Extra Ground Lean", "Size": "454 g", "Size Label": "ea"}, {"Category": "Offals, Game Meat & Fowl", "Aisle": "Meat", "Sku": "20706450_EA", "Regular Price": "None", "Sale Price": "13.19", "Image": "https://assets.shop.loblaws.ca/products/20706450/b1/en/front/20706450_front_a01_@2.png", "Brand": null, "Url": "https://www.maxi.ca/bison-steak/p/20706450_EA", "Sub Category": null, "English Name": "Bison Steak", "Size": "224 g", "Size Label": "ea"}, {"Category": "Offals, Game Meat & Fowl", "Aisle": "Meat", "Sku": "20867121_EA", "Regular Price": "None", "Sale Price": "11.99", "Image": "https://assets.shop.loblaws.ca/products/20867121/b1/en/front/20867121_front_a01_@2.png", "Brand": null, "Url": "https://www.maxi.ca/elk-steak/p/20867121_EA", "Sub Category": null, "English Name": "Elk Steak", "Size": "224 g", "Size Label": "ea"}, {"Category": "Offals, Game Meat & Fowl", "Aisle": "Meat", "Sku": "20143053_EA", "Regular Price": "None", "Sale Price": "21.99", "Image": "https://assets.shop.loblaws.ca/products/20143053/b1/en/front/20143053_front_a01_@2.png", "Brand": "New Zealand", "Url": "https://www.maxi.ca/goat-stew-bone-in/p/20143053_EA", "Sub Category": null, "English Name": "Goat Stew Bone In", "Size": "1 kg", "Size Label": "ea"}, {"Category": "Offals, Game Meat & Fowl", "Aisle": "Meat", "Sku": "20706951_EA", "Regular Price": "None", "Sale Price": "11.99", "Image": "https://assets.shop.loblaws.ca/products/20706951/b1/en/front/20706951_front_a01_@2.png", "Brand": null, "Url": "https://www.maxi.ca/bison-medallions/p/20706951_EA", "Sub Category": null, "English Name": "Bison Medallions", "Size": "224 g", "Size Label": "ea"}, {"Category": "Offals, Game Meat & Fowl", "Aisle": "Meat", "Sku": "21038668_KG", "Regular Price": "None", "Sale Price": "2.55", "Image": "https://assets.shop.loblaws.ca/products/21038668/b1/en/front/21038668_front_a01_@2.png", "Brand": "Marvid Poultry", "Url": "https://www.maxi.ca/kosher-chicken-necks/p/21038668_KG", "Sub Category": null, "English Name": "Kosher Chicken Necks", "Size": "$5.93/1kg $2.69/1lb", "Size Label": "ea"}, {"Category": "Offals, Game Meat & Fowl", "Aisle": "Meat", "Sku": "20065630_EA", "Regular Price": "None", "Sale Price": "6.99", "Image": "https://assets.shop.loblaws.ca/products/20065630/b1/en/front/20065630_front_a01_@2.png", "Brand": "Brome Lake", "Url": "https://www.maxi.ca/rendered-duck-fat/p/20065630_EA", "Sub Category": null, "English Name": "Rendered Duck Fat", "Size": "300 g", "Size Label": "ea"}, {"Category": "Offals, Game Meat & Fowl", "Aisle": "Meat", "Sku": "20130735_KG", "Regular Price": "None", "Sale Price": "23.08", "Image": "https://assets.shop.loblaws.ca/products/20130735/b1/en/front/20130735_front_a01_@2.png", "Brand": "Brome Lake", "Url": "https://www.maxi.ca/duck-frozen/p/20130735_KG", "Sub Category": null, "English Name": "Duck, Frozen", "Size": "$3.99/1lb $8.80/1kg", "Size Label": "ea"}, {"Category": "Offals, Game Meat & Fowl", "Aisle": "Meat", "Sku": "20123520_KG", "Regular Price": "None", "Sale Price": "28.72", "Image": "https://assets.shop.loblaws.ca/products/20123520/b1/en/front/20123520_front_a01_@2.png", "Brand": null, "Url": "https://www.maxi.ca/grade-a-fresh-duck/p/20123520_KG", "Sub Category": null, "English Name": "Grade A Fresh Duck", "Size": "$11.00/1kg $4.99/1lb", "Size Label": "ea"}, {"Category": "Offals, Game Meat & Fowl", "Aisle": "Meat", "Sku": "21038669_KG", "Regular Price": "None", "Sale Price": "3.75", "Image": "https://assets.shop.loblaws.ca/products/21038669/b1/en/front/21038669_front_a01_@2.png", "Brand": "Marvid Poultry", "Url": "https://www.maxi.ca/kosher-turkey-bones/p/21038669_KG", "Sub Category": null, "English Name": "Kosher Turkey Bones", "Size": "$6.15/1kg $2.79/1lb", "Size Label": "ea"}, {"Category": "Offals, Game Meat & Fowl", "Aisle": "Meat", "Sku": "21038670_KG", "Regular Price": "None", "Sale Price": "20.35", "Image": "https://assets.shop.loblaws.ca/products/21038670/b1/en/front/21038670_front_a01_@2.png", "Brand": "Marvid Poultry", "Url": "https://www.maxi.ca/kosher-turkey-scallopini/p/21038670_KG", "Sub Category": null, "English Name": "Kosher Turkey Scallopini", "Size": "$10.99/1lb $24.23/1kg", "Size Label": "ea"}, {"Category": "Offals, Game Meat & Fowl", "Aisle": "Meat", "Sku": "20106206_KG", "Regular Price": "None", "Sale Price": "18.01", "Image": "https://assets.shop.loblaws.ca/products/20106206/b1/en/front/20106206_front_a01_@2.png", "Brand": null, "Url": "https://www.maxi.ca/duck-breast-magret/p/20106206_KG", "Sub Category": null, "English Name": "Duck Breast Magret", "Size": "$15.99/1lb $35.25/1kg", "Size Label": "ea"}, {"Category": "Offals, Game Meat & Fowl", "Aisle": "Meat", "Sku": "20088885_KG", "Regular Price": "None", "Sale Price": "55.48", "Image": "https://assets.shop.loblaws.ca/products/20088885/b1/en/front/20088885_front_a01_@2.png", "Brand": null, "Url": "https://www.maxi.ca/frozen-grade-a-geese/p/20088885_KG", "Sub Category": null, "English Name": "Frozen Grade A Geese", "Size": "$13.87/1kg $6.29/1lb", "Size Label": "ea"}, {"Category": "Offals, Game Meat & Fowl", "Aisle": "Meat", "Sku": "20117481_KG", "Regular Price": "None", "Sale Price": "23.02", "Image": "https://assets.shop.loblaws.ca/products/20117481/b1/en/front/20117481_front_a01_@2.png", "Brand": "President's Choice", "Url": "https://www.maxi.ca/duck-in-orange-sauce/p/20117481_KG", "Sub Category": null, "English Name": "Duck in Orange Sauce", "Size": "$4.79/1lb $10.56/1kg", "Size Label": "ea"}, {"Category": "Offals, Game Meat & Fowl", "Aisle": "Meat", "Sku": "20870200_EA", "Regular Price": "None", "Sale Price": "21.49", "Image": "https://assets.shop.loblaws.ca/products/20870200/b1/en/front/20870200_front_a01_@2.png", "Brand": null, "Url": "https://www.maxi.ca/frozen-quail/p/20870200_EA", "Sub Category": null, "English Name": "Frozen Quail", "Size": "740 g", "Size Label": "ea"}, {"Category": "Offals, Game Meat & Fowl", "Aisle": "Meat", "Sku": "20082581_KG", "Regular Price": "None", "Sale Price": "3.87", "Image": "https://assets.shop.loblaws.ca/products/20082581/b1/en/front/20082581_front_a01_@2.png", "Brand": null, "Url": "https://www.maxi.ca/horse-meat-inside-round-sliced/p/20082581_KG", "Sub Category": null, "English Name": "Horse Meat Inside Round Sliced", "Size": "$20.92/1kg $9.49/1lb", "Size Label": "ea"}, {"Category": "Offals, Game Meat & Fowl", "Aisle": "Meat", "Sku": "21292112_EA", "Regular Price": "None", "Sale Price": "16.99", "Image": "https://assets.shop.loblaws.ca/products/21292112/b1/en/front/21292112_front_a01_@2.png", "Brand": "President's Choice", "Url": "https://www.maxi.ca/free-from-chicken-bacon-spiedini/p/21292112_EA", "Sub Category": null, "English Name": "Free From Chicken & Bacon Spiedini", "Size": "480 g", "Size Label": "ea"}, {"Category": "Offals, Game Meat & Fowl", "Aisle": "Meat", "Sku": "21035292_EA", "Regular Price": "None", "Sale Price": "8.49", "Image": "https://assets.shop.loblaws.ca/products/21035292/b1/en/front/21035292_front_a01_@2.png", "Brand": "Marvid Poultry", "Url": "https://www.maxi.ca/kosher-cornish-hens/p/21035292_EA", "Sub Category": null, "English Name": "Kosher Cornish Hens", "Size": "625 g", "Size Label": "ea"}, {"Category": "Shellfish", "Aisle": "Fish & Seafood", "Sku": "20151325_EA", "Regular Price": "None", "Sale Price": "7.99", "Image": "https://assets.shop.loblaws.ca/products/20151325/b1/en/front/20151325_front_a01_@2.png", "Brand": "Seaquest", "Url": "https://www.maxi.ca/frozen-bay-scallops-small/p/20151325_EA", "Sub Category": null, "English Name": "Frozen Bay Scallops, Small", "Size": "454 g", "Size Label": "ea"}, {"Category": "Shellfish", "Aisle": "Fish & Seafood", "Sku": "20038148_EA", "Regular Price": "None", "Sale Price": "22.99", "Image": "https://assets.shop.loblaws.ca/products/20038148/b1/en/front/20038148_front_a01_@2.png", "Brand": "PC Blue Menu", "Url": "https://www.maxi.ca/wild-nova-scotian-sea-scallops-frozen/p/20038148_EA", "Sub Category": null, "English Name": "Wild Nova Scotian Sea Scallops, Frozen", "Size": "400 g", "Size Label": "ea"}, {"Category": "Shellfish", "Aisle": "Fish & Seafood", "Sku": "20500045_EA", "Regular Price": "None", "Sale Price": "9.99", "Image": "https://assets.shop.loblaws.ca/products/20500045/b1/en/front/20500045_front_a01_@2.png", "Brand": "Seaquest", "Url": "https://www.maxi.ca/green-lipped-mussels-in-the-half-shell-new-zealand/p/20500045_EA", "Sub Category": null, "English Name": "Green-Lipped Mussels in the Half Shell New Zealand ", "Size": "454 g", "Size Label": "ea"}, {"Category": "Shellfish", "Aisle": "Fish & Seafood", "Sku": "20792247_EA", "Regular Price": "None", "Sale Price": "4.99", "Image": "https://assets.shop.loblaws.ca/products/20792247/b1/en/front/20792247_front_a01_@2.png", "Brand": "Anchor Bay", "Url": "https://www.maxi.ca/mussel-meat/p/20792247_EA", "Sub Category": null, "English Name": "Mussel Meat", "Size": "340 g", "Size Label": "ea"}, {"Category": "Shellfish", "Aisle": "Fish & Seafood", "Sku": "21519747_EA", "Regular Price": "None", "Sale Price": "17.99", "Image": "https://assets.shop.loblaws.ca/products/21519747/b1/en/front/21519747_front_a01_@2.png", "Brand": "President's Choice", "Url": "https://www.maxi.ca/lobster-roll-kit/p/21519747_EA", "Sub Category": null, "English Name": "Lobster Roll Kit", "Size": "440 g", "Size Label": "ea"}, {"Category": "Shellfish", "Aisle": "Fish & Seafood", "Sku": "20791670_EA", "Regular Price": "None", "Sale Price": "4.99", "Image": "https://assets.shop.loblaws.ca/products/20791670/b1/en/front/20791670_front_a01_@2.png", "Brand": "Anchor Bay", "Url": "https://www.maxi.ca/cooked-clam-meat/p/20791670_EA", "Sub Category": null, "English Name": "Cooked Clam Meat", "Size": "340 g", "Size Label": "ea"}, {"Category": "Shellfish", "Aisle": "Fish & Seafood", "Sku": "21335557_EA", "Regular Price": "None", "Sale Price": "22.99", "Image": "https://assets.shop.loblaws.ca/products/21335557/b1/en/front/21335557_front_a01_@2.png", "Brand": "Toppits", "Url": "https://www.maxi.ca/snow-crab-legs-claw/p/21335557_EA", "Sub Category": null, "English Name": "Snow Crab Legs & Claw", "Size": "500 g", "Size Label": "ea"}, {"Category": "Shellfish", "Aisle": "Fish & Seafood", "Sku": "21516934_EA", "Regular Price": "None", "Sale Price": "21.99", "Image": "https://assets.shop.loblaws.ca/products/21516934/b1/en/front/21516934_front_a01_@2.png", "Brand": "PC Black Label", "Url": "https://www.maxi.ca/hokkaido-scallops/p/21516934_EA", "Sub Category": null, "English Name": "Hokkaido Scallops", "Size": "300 g", "Size Label": "ea"}, {"Category": "Shellfish", "Aisle": "Fish & Seafood", "Sku": "21556624_EA", "Regular Price": "None", "Sale Price": "7.49", "Image": "https://assets.shop.loblaws.ca/products/21556624/b1/en/front/21556624_front_a01_@2.png", "Brand": "Canadian Cove", "Url": "https://www.maxi.ca/pei-mussels/p/21556624_EA", "Sub Category": null, "English Name": "Pei Mussels", "Size": "907 g", "Size Label": "ea"}, {"Category": "Shellfish", "Aisle": "Fish & Seafood", "Sku": "20765408_EA", "Regular Price": "None", "Sale Price": "5.99", "Image": "https://assets.shop.loblaws.ca/products/20765408/b1/en/front/20765408_front_a01_@2.png", "Brand": "Feature Foods", "Url": "https://www.maxi.ca/lunch-herring/p/20765408_EA", "Sub Category": null, "English Name": "Lunch Herring", "Size": "320 g", "Size Label": "ea"}, {"Category": "Shellfish", "Aisle": "Fish & Seafood", "Sku": "20764950_EA", "Regular Price": "None", "Sale Price": "5.99", "Image": "https://assets.shop.loblaws.ca/products/20764950/b1/en/front/20764950_front_a01_@2.png", "Brand": "Feature Foods", "Url": "https://www.maxi.ca/herring-fillets-in-wine-marinade/p/20764950_EA", "Sub Category": null, "English Name": "Herring Fillets in Wine Marinade", "Size": "320 g", "Size Label": "ea"}, {"Category": "Shellfish", "Aisle": "Fish & Seafood", "Sku": "21157301_EA", "Regular Price": "None", "Sale Price": "14.99", "Image": "https://assets.shop.loblaws.ca/products/21157301/b1/en/front/21157301_front_a01_@2.png", "Brand": "Toppits", "Url": "https://www.maxi.ca/cooked-lobster-meat/p/21157301_EA", "Sub Category": null, "English Name": "Cooked Lobster Meat", "Size": "200 g", "Size Label": "ea"}, {"Category": "Shellfish", "Aisle": "Fish & Seafood", "Sku": "21447359_EA", "Regular Price": "None", "Sale Price": "15.99", "Image": "https://assets.shop.loblaws.ca/products/21447359/b1/en/front/21447359_front_a01_@2.png", "Brand": "Premier", "Url": "https://www.maxi.ca/wild-crab-blue-swimming-crab-meat/p/21447359_EA", "Sub Category": null, "English Name": "Wild Crab Blue Swimming Crab Meat", "Size": "227 g", "Size Label": "ea"}, {"Category": "Shellfish", "Aisle": "Fish & Seafood", "Sku": "20764945_EA", "Regular Price": "None", "Sale Price": "5.99", "Image": "https://assets.shop.loblaws.ca/products/20764945/b1/en/front/20764945_front_a01_@2.png", "Brand": "Feature Foods", "Url": "https://www.maxi.ca/herring-rollmops/p/20764945_EA", "Sub Category": null, "English Name": "Herring Rollmops", "Size": "320 g", "Size Label": "ea"}, {"Category": "Shellfish", "Aisle": "Fish & Seafood", "Sku": "20753524_KG", "Regular Price": "None", "Sale Price": "19.44", "Image": "https://assets.shop.loblaws.ca/products/20753524/b1/en/front/20753524_front_a01_@2.png", "Brand": null, "Url": "https://www.maxi.ca/snow-crab/p/20753524_KG", "Sub Category": null, "English Name": "Snow Crab", "Size": "$13.59/1lb $29.96/1kg", "Size Label": "ea"}, {"Category": "Shellfish", "Aisle": "Fish & Seafood", "Sku": "20017807_EA", "Regular Price": "None", "Sale Price": "30.99", "Image": "https://assets.shop.loblaws.ca/products/20017807/b1/en/front/20017807_front_a01_@2.png", "Brand": "Ocean Choice", "Url": "https://www.maxi.ca/rocky-point-lobster-meat/p/20017807_EA", "Sub Category": null, "English Name": "Rocky Point Lobster Meat", "Size": "320 g", "Size Label": "ea"}, {"Category": "Shellfish", "Aisle": "Fish & Seafood", "Sku": "20781880_EA", "Regular Price": "None", "Sale Price": "12.99", "Image": "https://assets.shop.loblaws.ca/products/20781880/b1/en/front/20781880_front_a01_@2.png", "Brand": "Orion", "Url": "https://www.maxi.ca/previously-frozen-whole-cooked-lobster/p/20781880_EA", "Sub Category": null, "English Name": "Previously Frozen Whole Cooked Lobster", "Size": "370 g", "Size Label": "ea"}, {"Category": "Shellfish", "Aisle": "Fish & Seafood", "Sku": "20882758_EA", "Regular Price": "None", "Sale Price": "6.99", "Image": "https://assets.shop.loblaws.ca/products/20882758/b1/en/front/20882758_front_a01_@2.png", "Brand": "Canadian Cove", "Url": "https://www.maxi.ca/mussels/p/20882758_EA", "Sub Category": null, "English Name": "Mussels      ", "Size": "907 g", "Size Label": "ea"}, {"Category": "Shellfish", "Aisle": "Fish & Seafood", "Sku": "20753260_KG", "Regular Price": "None", "Sale Price": "18.70", "Image": "https://assets.shop.loblaws.ca/products/20753260/b1/en/front/20753260_front_a01_@2.png", "Brand": null, "Url": "https://www.maxi.ca/alaskan-king-crab-legs/p/20753260_KG", "Sub Category": null, "English Name": "Alaskan King Crab Legs", "Size": "$73.39/1kg $33.30/1lb", "Size Label": "ea"}, {"Category": "Shellfish", "Aisle": "Fish & Seafood", "Sku": "20764283_KG", "Regular Price": "None", "Sale Price": "15.06", "Image": "https://assets.shop.loblaws.ca/products/20764283/b1/en/front/20764283_front_a01_@2.png", "Brand": null, "Url": "https://www.maxi.ca/market-fresh-cooked-lobster/p/20764283_KG", "Sub Category": null, "English Name": "Market Fresh Cooked Lobster", "Size": "$12.99/1lb $28.64/1kg", "Size Label": "ea"}, {"Category": "Shellfish", "Aisle": "Fish & Seafood", "Sku": "21119095_EA", "Regular Price": "None", "Sale Price": "16.99", "Image": "https://assets.shop.loblaws.ca/products/21119095/b1/en/front/21119095_front_a01_@2.png", "Brand": "Pearl Mark", "Url": "https://www.maxi.ca/bay-scallops/p/21119095_EA", "Sub Category": null, "English Name": "Bay Scallops", "Size": "750 g", "Size Label": "ea"}, {"Category": "Shellfish", "Aisle": "Fish & Seafood", "Sku": "21409244_EA", "Regular Price": "None", "Sale Price": "9.99", "Image": "https://assets.shop.loblaws.ca/products/21409244/b1/en/front/21409244_front_a01_@2.png", "Brand": "Fortune Oysters", "Url": "https://www.maxi.ca/live-oysters/p/21409244_EA", "Sub Category": null, "English Name": "Live Oysters", "Size": "360 g", "Size Label": "ea"}, {"Category": "Shellfish", "Aisle": "Fish & Seafood", "Sku": "21541129_EA", "Regular Price": "None", "Sale Price": "20.59", "Image": "https://assets.shop.loblaws.ca/products/21541129/b1/en/front/21541129_front_a01_@2.png", "Brand": "Fortune Oysters", "Url": "https://www.maxi.ca/live-oyster-cocktail-12-count/p/21541129_EA", "Sub Category": null, "English Name": "Live Oyster Cocktail, 12 Count", "Size": "454 g", "Size Label": "ea"}, {"Category": "Shellfish", "Aisle": "Fish & Seafood", "Sku": "20990237_C01", "Regular Price": "None", "Sale Price": "21.99", "Image": "https://assets.shop.loblaws.ca/products/20990237/b1/en/front/20990237_front_a01_@2.png", "Brand": "Maison Beausoleil", "Url": "https://www.maxi.ca/beausoleil-oysters-case/p/20990237_C01", "Sub Category": null, "English Name": "Beausoleil Oysters (Case)", "Size": "24x1.0 ea", "Size Label": "ea"}, {"Category": "Shellfish", "Aisle": "Fish & Seafood", "Sku": "20991116_C01", "Regular Price": "None", "Sale Price": "16.99", "Image": "https://assets.shop.loblaws.ca/products/20991116/b1/en/front/20991116_front_a01_@2.png", "Brand": null, "Url": "https://www.maxi.ca/oysters-25-pack-case/p/20991116_C01", "Sub Category": null, "English Name": "Oysters, 25 Pack (Case)", "Size": "1 ea", "Size Label": "c01"}, {"Category": "Shellfish", "Aisle": "Fish & Seafood", "Sku": "21241468_EA", "Regular Price": "None", "Sale Price": "29.98", "Image": "https://assets.shop.loblaws.ca/products/21241468/b1/en/front/21241468_front_a01_@2.png", "Brand": "Chebooktook", "Url": "https://www.maxi.ca/deep-cup-shells/p/21241468_EA", "Sub Category": null, "English Name": "Deep Cup Shells", "Size": "500 g", "Size Label": "ea"}, {"Category": "Shellfish", "Aisle": "Fish & Seafood", "Sku": "20852895_EA", "Regular Price": "None", "Sale Price": "0.99", "Image": "https://assets.shop.loblaws.ca/products/20852895/b1/en/front/20852895_front_a01_@2.png", "Brand": null, "Url": "https://www.maxi.ca/tresor-du-large-oyster-cocktail/p/20852895_EA", "Sub Category": null, "English Name": "Tresor Du Large Oyster Cocktail", "Size": "25 g", "Size Label": "ea"}, {"Category": "Fish", "Aisle": "Fish & Seafood", "Sku": "20048346_EA", "Regular Price": "None", "Sale Price": "7.99", "Image": "https://assets.shop.loblaws.ca/products/20048346/b1/en/front/20048346_front_a01_@2.png", "Brand": "Seaquest", "Url": "https://www.maxi.ca/sole-fillets-skinless-boneless/p/20048346_EA", "Sub Category": null, "English Name": "Sole Fillets, Skinless Boneless", "Size": "400 g", "Size Label": "ea"}, {"Category": "Fish", "Aisle": "Fish & Seafood", "Sku": "20153570_EA", "Regular Price": "None", "Sale Price": "8.99", "Image": "https://assets.shop.loblaws.ca/products/20153570/b1/en/front/20153570_front_a01_@2.png", "Brand": "Seaquest", "Url": "https://www.maxi.ca/wild-haddock-fillets-skinless-boneless/p/20153570_EA", "Sub Category": null, "English Name": "Wild Haddock Fillets Skinless Boneless ", "Size": "400 g", "Size Label": "ea"}, {"Category": "Fish", "Aisle": "Fish & Seafood", "Sku": "20036614_EA", "Regular Price": "None", "Sale Price": "7.99", "Image": "https://assets.shop.loblaws.ca/products/20036614/b1/en/front/20036614_front_a01_@2.png", "Brand": "Seaquest", "Url": "https://www.maxi.ca/cod-fillets-wild-pacific/p/20036614_EA", "Sub Category": null, "English Name": "Cod Fillets Wild Pacific", "Size": "400 g", "Size Label": "ea"}, {"Category": "Fish", "Aisle": "Fish & Seafood", "Sku": "20066381_KG", "Regular Price": "None", "Sale Price": "7.51", "Image": "https://assets.shop.loblaws.ca/products/20066381/b1/en/front/20066381_front_a01_@2.png", "Brand": null, "Url": "https://www.maxi.ca/golden-pompano-fish-frozen/p/20066381_KG", "Sub Category": null, "English Name": "Golden Pompano Fish, Frozen", "Size": "$4.49/1lb $9.90/1kg", "Size Label": "ea"}, {"Category": "Fish", "Aisle": "Fish & Seafood", "Sku": "20699832_EA", "Regular Price": "3.49", "Sale Price": "2.49", "Image": "https://assets.shop.loblaws.ca/products/20699832/b1/en/front/20699832_front_a01_@2.png", "Brand": "Seaquest", "Url": "https://www.maxi.ca/king-crab-flavoured-wild-alaska-pollock-wild-pacif/p/20699832_EA", "Sub Category": null, "English Name": "King Crab Flavoured Wild Alaska Pollock & Wild Pacific Whiting", "Size": "227 g", "Size Label": "ea"}, {"Category": "Fish", "Aisle": "Fish & Seafood", "Sku": "21473748_EA", "Regular Price": "None", "Sale Price": "10.00", "Image": "https://assets.shop.loblaws.ca/products/21473748/b1/en/front/21473748_front_a01_@2.png", "Brand": null, "Url": "https://www.maxi.ca/10-basa-fillets/p/21473748_EA", "Sub Category": null, "English Name": "$10 Basa Fillets", "Size": "908 g", "Size Label": "ea"}, {"Category": "Fish", "Aisle": "Fish & Seafood", "Sku": "20910469_EA", "Regular Price": "8.99", "Sale Price": "7.99", "Image": "https://assets.shop.loblaws.ca/products/20910469/b1/en/front/20910469_front_a01_@2.png", "Brand": null, "Url": "https://www.maxi.ca/basa-steaks/p/20910469_EA", "Sub Category": null, "English Name": "Basa Steaks", "Size": "1 kg", "Size Label": "ea"}, {"Category": "Fish", "Aisle": "Fish & Seafood", "Sku": "20749798_EA", "Regular Price": "3.49", "Sale Price": "2.49", "Image": "https://assets.shop.loblaws.ca/products/20749798/b1/en/front/20749798_front_a01_@2.png", "Brand": "Seaquest", "Url": "https://www.maxi.ca/leg-style-king-crab-flavoured-wild-alaska-pollock/p/20749798_EA", "Sub Category": null, "English Name": "Leg-style King Crab Flavoured Wild Alaska Pollock & Wild Pacific Whiting", "Size": "227 g", "Size Label": "ea"}, {"Category": "Fish", "Aisle": "Fish & Seafood", "Sku": "21432307_EA", "Regular Price": "4.49", "Sale Price": "3.99", "Image": "https://assets.shop.loblaws.ca/products/21432307/b1/en/front/21432307_front_a01_@2.png", "Brand": "Premier", "Url": "https://www.maxi.ca/basa-fillets/p/21432307_EA", "Sub Category": null, "English Name": "Basa Fillets", "Size": "400 g", "Size Label": "ea"}, {"Category": "Fish", "Aisle": "Fish & Seafood", "Sku": "20111565_EA", "Regular Price": "None", "Sale Price": "6.99", "Image": "https://assets.shop.loblaws.ca/products/20111565/b1/en/front/20111565_front_a01_@2.png", "Brand": "Seaquest", "Url": "https://www.maxi.ca/tilapia-fillets/p/20111565_EA", "Sub Category": null, "English Name": "Tilapia Fillets", "Size": "400 g", "Size Label": "ea"}, {"Category": "Fish", "Aisle": "Fish & Seafood", "Sku": "20591152_EA", "Regular Price": "None", "Sale Price": "6.49", "Image": "https://assets.shop.loblaws.ca/products/20591152/b1/en/front/20591152_front_a01_@2.png", "Brand": "Seaquest", "Url": "https://www.maxi.ca/crab-flakes/p/20591152_EA", "Sub Category": null, "English Name": "Crab Flakes", "Size": "454 g", "Size Label": "ea"}, {"Category": "Fish", "Aisle": "Fish & Seafood", "Sku": "20749901_EA", "Regular Price": "3.49", "Sale Price": "2.49", "Image": "https://assets.shop.loblaws.ca/products/20749901/b1/en/front/20749901_front_a01_@2.png", "Brand": "Seaquest", "Url": "https://www.maxi.ca/lobster-flavoured-wild-alaska-pollock-chunks/p/20749901_EA", "Sub Category": null, "English Name": "Lobster Flavoured Wild Alaska Pollock Chunks", "Size": "227 g", "Size Label": "ea"}, {"Category": "Fish", "Aisle": "Fish & Seafood", "Sku": "20550877_EA", "Regular Price": "None", "Sale Price": "6.99", "Image": "https://assets.shop.loblaws.ca/products/20550877/b1/en/front/20550877_front_a01_@2.png", "Brand": "Seaquest", "Url": "https://www.maxi.ca/basa-fillets/p/20550877_EA", "Sub Category": null, "English Name": "Basa Fillets", "Size": "400 g", "Size Label": "ea"}, {"Category": "Fish", "Aisle": "Fish & Seafood", "Sku": "21079543_EA", "Regular Price": "None", "Sale Price": "7.99", "Image": "https://assets.shop.loblaws.ca/products/21079543/b1/en/front/21079543_front_a01_@2.png", "Brand": null, "Url": "https://www.maxi.ca/chub-mackerel/p/21079543_EA", "Sub Category": null, "English Name": "Chub Mackerel", "Size": "1 kg", "Size Label": "ea"}, {"Category": "Fish", "Aisle": "Fish & Seafood", "Sku": "21432305_EA", "Regular Price": "9.99", "Sale Price": "7.99", "Image": "https://assets.shop.loblaws.ca/products/21432305/b1/en/front/21432305_front_a01_@2.png", "Brand": "Premier", "Url": "https://www.maxi.ca/tilapia/p/21432305_EA", "Sub Category": null, "English Name": "Tilapia", "Size": "1.36 kg", "Size Label": "ea"}, {"Category": "Fish", "Aisle": "Fish & Seafood", "Sku": "20750012_EA", "Regular Price": "3.49", "Sale Price": "2.49", "Image": "https://assets.shop.loblaws.ca/products/20750012/b1/en/front/20750012_front_a01_@2.png", "Brand": "Seaquest", "Url": "https://www.maxi.ca/king-crab-flavoured-wild-alaska-pollock-chunks/p/20750012_EA", "Sub Category": null, "English Name": "King Crab Flavoured Wild Alaska Pollock Chunks", "Size": "227 g", "Size Label": "ea"}, {"Category": "Fish", "Aisle": "Fish & Seafood", "Sku": "21315001_EA", "Regular Price": "None", "Sale Price": "17.99", "Image": "https://assets.shop.loblaws.ca/products/21315001/b1/en/front/21315001_front_a01_@2.png", "Brand": "Seaquest", "Url": "https://www.maxi.ca/wild-haddock-fillets-club-size/p/21315001_EA", "Sub Category": null, "English Name": "Wild Haddock Fillets Club Size ", "Size": "1 kg", "Size Label": "ea"}, {"Category": "Fish", "Aisle": "Fish & Seafood", "Sku": "20119071_KG", "Regular Price": "None", "Sale Price": "8.80", "Image": "https://assets.shop.loblaws.ca/products/20119071/b1/en/front/20119071_front_a01_@2.png", "Brand": null, "Url": "https://www.maxi.ca/milkfish-frozen/p/20119071_KG", "Sub Category": null, "English Name": "Milkfish, Frozen", "Size": "$3.99/1lb $8.80/1kg", "Size Label": "ea"}, {"Category": "Fish", "Aisle": "Fish & Seafood", "Sku": "21181949_EA", "Regular Price": "None", "Sale Price": "3.49", "Image": "https://assets.shop.loblaws.ca/products/21181949/b1/en/front/21181949_front_a01_@2.png", "Brand": "Ocean Jewel", "Url": "https://www.maxi.ca/tuna-steak-frozen-yellow-fin/p/21181949_EA", "Sub Category": null, "English Name": "Tuna Steak, Frozen Yellow Fin", "Size": "92 g", "Size Label": "ea"}, {"Category": "Fish", "Aisle": "Fish & Seafood", "Sku": "21119511_EA", "Regular Price": "None", "Sale Price": "10.00", "Image": "https://assets.shop.loblaws.ca/products/21119511/b1/en/front/21119511_front_a01_@2.png", "Brand": null, "Url": "https://www.maxi.ca/wild-sole-fillets/p/21119511_EA", "Sub Category": null, "English Name": "Wild Sole Fillets", "Size": "907 g", "Size Label": "ea"}, {"Category": "Fish", "Aisle": "Fish & Seafood", "Sku": "21167006_EA", "Regular Price": "None", "Sale Price": "5.99", "Image": "https://assets.shop.loblaws.ca/products/21167006/b1/en/front/21167006_front_a01_@2.png", "Brand": "Seaquest", "Url": "https://www.maxi.ca/wild-pollock-fillets/p/21167006_EA", "Sub Category": null, "English Name": "Wild Pollock Fillets", "Size": "400 g", "Size Label": "ea"}, {"Category": "Fish", "Aisle": "Fish & Seafood", "Sku": "21315025_EA", "Regular Price": "None", "Sale Price": "14.99", "Image": "https://assets.shop.loblaws.ca/products/21315025/b1/en/front/21315025_front_a01_@2.png", "Brand": "Seaquest", "Url": "https://www.maxi.ca/wild-sole-fillets-club-size/p/21315025_EA", "Sub Category": null, "English Name": "Wild Sole Fillets Club Size", "Size": "1 kg", "Size Label": "ea"}, {"Category": "Fish", "Aisle": "Fish & Seafood", "Sku": "20866456_EA", "Regular Price": "None", "Sale Price": "13.99", "Image": "https://assets.shop.loblaws.ca/products/20866456/b1/en/front/20866456_front_a01_@2.png", "Brand": "Chelsea", "Url": "https://www.maxi.ca/boned-cod-fillets-salted/p/20866456_EA", "Sub Category": null, "English Name": "Boned Cod Fillets, Salted", "Size": "454 g", "Size Label": "ea"}, {"Category": "Fish", "Aisle": "Fish & Seafood", "Sku": "21205360_KG", "Regular Price": "None", "Sale Price": "8.82", "Image": "https://assets.shop.loblaws.ca/products/21205360/b1/en/front/21205360_front_a01_@2.png", "Brand": null, "Url": "https://www.maxi.ca/tuna-steak-previously-frozen/p/21205360_KG", "Sub Category": null, "English Name": "Tuna Steak Previously Frozen ", "Size": "$31.50/1kg", "Size Label": "ea"}, {"Category": "Fish", "Aisle": "Fish & Seafood", "Sku": "20252508_KG", "Regular Price": "None", "Sale Price": "5.86", "Image": "https://assets.shop.loblaws.ca/products/20252508/b1/en/front/20252508_front_a01_@2.png", "Brand": "Seaquest", "Url": "https://www.maxi.ca/basa-fillets/p/20252508_KG", "Sub Category": null, "English Name": "Basa Fillets", "Size": "$15.41/1kg $6.99/1lb", "Size Label": "ea"}, {"Category": "Fish", "Aisle": "Fish & Seafood", "Sku": "21124787_EA", "Regular Price": "None", "Sale Price": "19.49", "Image": "https://assets.shop.loblaws.ca/products/21124787/b1/en/front/21124787_front_a01_@2.png", "Brand": "High Liner", "Url": "https://www.maxi.ca/catch-of-the-day-haddock-fillets-5/p/21124787_EA", "Sub Category": null, "English Name": "Catch of the Day Haddock Fillets 5", "Size": "580 g", "Size Label": "ea"}, {"Category": "Fish", "Aisle": "Fish & Seafood", "Sku": "20875142_EA", "Regular Price": "None", "Sale Price": "4.99", "Image": "https://assets.shop.loblaws.ca/products/20875142/b1/en/front/20875142_front_a01_@2.png", "Brand": "Millionnaires", "Url": "https://www.maxi.ca/flat-fillets-of-anchovies/p/20875142_EA", "Sub Category": null, "English Name": "Flat Fillets of Anchovies", "Size": "50 g", "Size Label": "ea"}, {"Category": "Fish", "Aisle": "Fish & Seafood", "Sku": "20101999_EA", "Regular Price": "None", "Sale Price": "9.99", "Image": "https://assets.shop.loblaws.ca/products/20101999/b1/en/front/20101999_front_a01_@2.png", "Brand": "Seaquest", "Url": "https://www.maxi.ca/pollock-filets-boneless-skinless/p/20101999_EA", "Sub Category": null, "English Name": "Pollock Filets, Boneless Skinless", "Size": "680 g", "Size Label": "ea"}, {"Category": "Fish", "Aisle": "Fish & Seafood", "Sku": "21396247_EA", "Regular Price": "None", "Sale Price": "9.99", "Image": "https://assets.shop.loblaws.ca/products/21396247/b1/en/front/21396247_front_a01_@2.png", "Brand": "Gelnic", "Url": "https://www.maxi.ca/golden-redfish/p/21396247_EA", "Sub Category": null, "English Name": "Golden Redfish ", "Size": "750 g", "Size Label": "ea"}, {"Category": "Fish", "Aisle": "Fish & Seafood", "Sku": "21396258_EA", "Regular Price": "None", "Sale Price": "7.79", "Image": "https://assets.shop.loblaws.ca/products/21396258/b1/en/front/21396258_front_a01_@2.png", "Brand": "Nigel", "Url": "https://www.maxi.ca/white-horse-mackerel/p/21396258_EA", "Sub Category": null, "English Name": "White Horse Mackerel ", "Size": "750 g", "Size Label": "ea"}, {"Category": "Fish", "Aisle": "Fish & Seafood", "Sku": "21303395_EA", "Regular Price": "None", "Sale Price": "3.49", "Image": "https://assets.shop.loblaws.ca/products/21303395/b1/en/front/21303395_front_a01_@2.png", "Brand": "Clover Leaf", "Url": "https://www.maxi.ca/lobster-delectables-flake/p/21303395_EA", "Sub Category": null, "English Name": "Lobster Delectables - Flake", "Size": "227 g", "Size Label": "ea"}, {"Category": "Fish", "Aisle": "Fish & Seafood", "Sku": "21179967_EA", "Regular Price": "None", "Sale Price": "7.49", "Image": "https://assets.shop.loblaws.ca/products/21179967/b1/en/front/21179967_front_a01_@2.png", "Brand": "Green Ocean", "Url": "https://www.maxi.ca/basa-fillets/p/21179967_EA", "Sub Category": null, "English Name": "Basa Fillets", "Size": "1130 g", "Size Label": "ea"}, {"Category": "Fish", "Aisle": "Fish & Seafood", "Sku": "21374238_KG", "Regular Price": "None", "Sale Price": "6.92", "Image": "https://assets.shop.loblaws.ca/products/21374238/b1/en/front/21374238_front_a01_@2.png", "Brand": null, "Url": "https://www.maxi.ca/yellow-sole-fillets/p/21374238_KG", "Sub Category": null, "English Name": "Yellow Sole Fillets", "Size": "$20.92/1kg $9.49/1lb", "Size Label": "ea"}, {"Category": "Fish", "Aisle": "Fish & Seafood", "Sku": "21333472_EA", "Regular Price": "None", "Sale Price": "13.99", "Image": "https://assets.shop.loblaws.ca/products/21333472/b1/en/front/21333472_front_a01_@2.png", "Brand": "Ocean Jewel", "Url": "https://www.maxi.ca/mediterranean-sea-bass-raw/p/21333472_EA", "Sub Category": null, "English Name": "Mediterranean Sea Bass Raw", "Size": "640 g", "Size Label": "ea"}, {"Category": "Fish", "Aisle": "Fish & Seafood", "Sku": "21454791_EA", "Regular Price": "None", "Sale Price": "12.99", "Image": "https://assets.shop.loblaws.ca/products/21454791/b1/en/front/21454791_front_a01_@2.png", "Brand": "Ocean Jewel", "Url": "https://www.maxi.ca/european-seabream-raw/p/21454791_EA", "Sub Category": null, "English Name": "European Seabream Raw", "Size": "640 g", "Size Label": "ea"}, {"Category": "Fish", "Aisle": "Fish & Seafood", "Sku": "21169114_EA", "Regular Price": "None", "Sale Price": "10.00", "Image": "https://assets.shop.loblaws.ca/products/21169114/b1/en/front/21169114_front_a01_@2.png", "Brand": null, "Url": "https://www.maxi.ca/10-basa-fillets/p/21169114_EA", "Sub Category": null, "English Name": "$10 Basa Fillets", "Size": "1130 g", "Size Label": "ea"}, {"Category": "Fish", "Aisle": "Fish & Seafood", "Sku": "21022410_EA", "Regular Price": "None", "Sale Price": "2.99", "Image": "https://assets.shop.loblaws.ca/products/21022410/b1/en/front/21022410_front_a01_@2.png", "Brand": "Pastene", "Url": "https://www.maxi.ca/anchovy-fillets-flat/p/21022410_EA", "Sub Category": null, "English Name": "Anchovy Fillets, Flat", "Size": "48 g", "Size Label": "ea"}, {"Category": "Fish", "Aisle": "Fish & Seafood", "Sku": "20683111_KG", "Regular Price": "None", "Sale Price": "7.93", "Image": "https://assets.shop.loblaws.ca/products/20683111/b1/en/front/20683111_front_a01_@2.png", "Brand": null, "Url": "https://www.maxi.ca/wild-pacific-halibut-fish/p/20683111_KG", "Sub Category": null, "English Name": "Wild Pacific Halibut Fish", "Size": "$11.99/1lb $26.43/1kg", "Size Label": "ea"}, {"Category": "Fish", "Aisle": "Fish & Seafood", "Sku": "21546528_EA", "Regular Price": "8.88", "Sale Price": "7.99", "Image": "https://assets.shop.loblaws.ca/products/21546528/b1/en/front/21546528_front_a01_@2.png", "Brand": "Premier", "Url": "https://www.maxi.ca/whole-pompano-frozen-fish-700-g/p/21546528_EA", "Sub Category": null, "English Name": "Whole Pompano Frozen Fish, 700 G", "Size": "700 g", "Size Label": "ea"}, {"Category": "Fish", "Aisle": "Fish & Seafood", "Sku": "20706456_EA", "Regular Price": "None", "Sale Price": "15.49", "Image": "https://assets.shop.loblaws.ca/products/20706456/b1/en/front/20706456_front_a01_@2.png", "Brand": "High Liner", "Url": "https://www.maxi.ca/catch-of-the-day-tilapia-fillets/p/20706456_EA", "Sub Category": null, "English Name": "Catch of the Day Tilapia Fillets", "Size": "750 g", "Size Label": "ea"}, {"Category": "Fish", "Aisle": "Fish & Seafood", "Sku": "21396387_EA", "Regular Price": "None", "Sale Price": "7.79", "Image": "https://assets.shop.loblaws.ca/products/21396387/b1/en/front/21396387_front_a01_@2.png", "Brand": "Nigel", "Url": "https://www.maxi.ca/atlantic-mackerel/p/21396387_EA", "Sub Category": null, "English Name": "Atlantic Mackerel", "Size": "750 g", "Size Label": "ea"}, {"Category": "Fish", "Aisle": "Fish & Seafood", "Sku": "21374362_KG", "Regular Price": "None", "Sale Price": "8.94", "Image": "https://assets.shop.loblaws.ca/products/21374362/b1/en/front/21374362_front_a01_@2.png", "Brand": null, "Url": "https://www.maxi.ca/tuna-steaks-previously-frozen/p/21374362_KG", "Sub Category": null, "English Name": "Tuna Steaks, Previously Frozen", "Size": "$13.99/1lb $30.84/1kg", "Size Label": "ea"}, {"Category": "Fish", "Aisle": "Fish & Seafood", "Sku": "21302697_EA", "Regular Price": "None", "Sale Price": "3.79", "Image": "https://assets.shop.loblaws.ca/products/21302697/b1/en/front/21302697_front_a01_@2.png", "Brand": null, "Url": "https://www.maxi.ca/tuna-steak/p/21302697_EA", "Sub Category": null, "English Name": "Tuna Steak ", "Size": "113 g", "Size Label": "ea"}, {"Category": "Fish", "Aisle": "Fish & Seafood", "Sku": "21521232_EA", "Regular Price": "None", "Sale Price": "7.99", "Image": "https://assets.shop.loblaws.ca/products/21521232/b1/en/front/21521232_front_a01_@2.png", "Brand": "Premier", "Url": "https://www.maxi.ca/tilapia-uncooked/p/21521232_EA", "Sub Category": null, "English Name": "Tilapia Uncooked", "Size": "280 g", "Size Label": "ea"}, {"Category": "Fish", "Aisle": "Fish & Seafood", "Sku": "20823944_EA", "Regular Price": "None", "Sale Price": "3.49", "Image": "https://assets.shop.loblaws.ca/products/20823944/b1/en/front/20823944_front_a01_@2.png", "Brand": "Anchor Bay", "Url": "https://www.maxi.ca/basa-fillets/p/20823944_EA", "Sub Category": null, "English Name": "Basa Fillets", "Size": "400 g", "Size Label": "ea"}, {"Category": "Fish", "Aisle": "Fish & Seafood", "Sku": "21486336_KG", "Regular Price": "None", "Sale Price": "6.76", "Image": "https://assets.shop.loblaws.ca/products/21486336/b1/en/front/21486336_front_a01_@2.png", "Brand": null, "Url": "https://www.maxi.ca/tilapia-fillets/p/21486336_KG", "Sub Category": null, "English Name": "Tilapia Fillets", "Size": "$19.82/1kg $8.99/1lb", "Size Label": "ea"}, {"Category": "Fish", "Aisle": "Fish & Seafood", "Sku": "21303393_EA", "Regular Price": "None", "Sale Price": "3.49", "Image": "https://assets.shop.loblaws.ca/products/21303393/b1/en/front/21303393_front_a01_@2.png", "Brand": "Clover Leaf", "Url": "https://www.maxi.ca/crab-delectables-flake-style/p/21303393_EA", "Sub Category": null, "English Name": "Crab Delectables Flake Style", "Size": "227 g", "Size Label": "ea"}, {"Category": "Fish", "Aisle": "Fish & Seafood", "Sku": "21447861_EA", "Regular Price": "None", "Sale Price": "5.49", "Image": "https://assets.shop.loblaws.ca/products/21447861/b1/en/front/21447861_front_a01_@2.png", "Brand": "Aquastar", "Url": "https://www.maxi.ca/basa-fillets-uncooked-boneless-skinless/p/21447861_EA", "Sub Category": null, "English Name": "Basa Fillets Uncooked, Boneless, Skinless", "Size": "400 g", "Size Label": "ea"}, {"Category": "Fish", "Aisle": "Fish & Seafood", "Sku": "21396384_EA", "Regular Price": "None", "Sale Price": "9.49", "Image": "https://assets.shop.loblaws.ca/products/21396384/b1/en/front/21396384_front_a01_@2.png", "Brand": "Nigel", "Url": "https://www.maxi.ca/sardine-750-g/p/21396384_EA", "Sub Category": null, "English Name": "Sardine 750 g", "Size": "750 g", "Size Label": "ea"}, {"Category": "Fish", "Aisle": "Fish & Seafood", "Sku": "21396248_EA", "Regular Price": "None", "Sale Price": "7.79", "Image": "https://assets.shop.loblaws.ca/products/21396248/b1/en/front/21396248_front_a01_@2.png", "Brand": "Nigel", "Url": "https://www.maxi.ca/small-sardine-750-g/p/21396248_EA", "Sub Category": null, "English Name": "Small Sardine 750 g", "Size": "750 g", "Size Label": "ea"}, {"Category": "Fish", "Aisle": "Fish & Seafood", "Sku": "21022409_EA", "Regular Price": "None", "Sale Price": "2.99", "Image": "https://assets.shop.loblaws.ca/products/21022409/b1/en/front/21022409_front_a01_@2.png", "Brand": "Pastene", "Url": "https://www.maxi.ca/anchovy-fillets-rolled/p/21022409_EA", "Sub Category": null, "English Name": "Anchovy Fillets, Rolled", "Size": "48 g", "Size Label": "ea"}, {"Category": "Fish", "Aisle": "Fish & Seafood", "Sku": "21124877_EA", "Regular Price": "None", "Sale Price": "15.49", "Image": "https://assets.shop.loblaws.ca/products/21124877/b1/en/front/21124877_front_a01_@2.png", "Brand": "High Liner", "Url": "https://www.maxi.ca/alaskan-pollock-fillets/p/21124877_EA", "Sub Category": null, "English Name": "Alaskan Pollock Fillets", "Size": "1.32 kg", "Size Label": "ea"}, {"Category": "Seafood Appetizers", "Aisle": "Fish & Seafood", "Sku": "20978921_EA", "Regular Price": "None", "Sale Price": "11.99", "Image": "https://assets.shop.loblaws.ca/products/20978921/b1/en/front/20978921_front_a01_@2.png", "Brand": "President's Choice", "Url": "https://www.maxi.ca/tempura-torpedo-shrimp-with-sweet-soy-dipping-sauc/p/20978921_EA", "Sub Category": null, "English Name": "Tempura Torpedo Shrimp With Sweet Soy Dipping Sauce", "Size": "340 g", "Size Label": "ea"}, {"Category": "Seafood Appetizers", "Aisle": "Fish & Seafood", "Sku": "21433078_EA", "Regular Price": "None", "Sale Price": "4.99", "Image": "https://assets.shop.loblaws.ca/products/21433078/b1/en/front/21433078_front_a01_@2.png", "Brand": "Premier", "Url": "https://www.maxi.ca/seafood-mix/p/21433078_EA", "Sub Category": null, "English Name": "Seafood Mix", "Size": "340 g", "Size Label": "ea"}, {"Category": "Seafood Appetizers", "Aisle": "Fish & Seafood", "Sku": "20080117_EA", "Regular Price": "None", "Sale Price": "11.99", "Image": "https://assets.shop.loblaws.ca/products/20080117/b1/en/front/20080117_front_a01_@2.png", "Brand": "President's Choice", "Url": "https://www.maxi.ca/breaded-butterflied-shrimp/p/20080117_EA", "Sub Category": null, "English Name": "Breaded Butterflied Shrimp\u00a0", "Size": "400 g", "Size Label": "ea"}, {"Category": "Seafood Appetizers", "Aisle": "Fish & Seafood", "Sku": "20135874_EA", "Regular Price": "None", "Sale Price": "11.99", "Image": "https://assets.shop.loblaws.ca/products/20135874/b1/en/front/20135874_front_a01_@2.png", "Brand": "President's Choice", "Url": "https://www.maxi.ca/breaded-coconut-shrimp-with-sweet-chili-dipping-sa/p/20135874_EA", "Sub Category": null, "English Name": "Breaded Coconut Shrimp With Sweet Chili Dipping Sauce", "Size": "454 g", "Size Label": "ea"}, {"Category": "Seafood Appetizers", "Aisle": "Fish & Seafood", "Sku": "21473698_EA", "Regular Price": "None", "Sale Price": "10.00", "Image": "https://assets.shop.loblaws.ca/products/21473698/b1/en/front/21473698_front_a01_@2.png", "Brand": null, "Url": "https://www.maxi.ca/breaded-squid-rings/p/21473698_EA", "Sub Category": null, "English Name": "Breaded Squid Rings", "Size": "908 g", "Size Label": "ea"}, {"Category": "Seafood Appetizers", "Aisle": "Fish & Seafood", "Sku": "21454797_EA", "Regular Price": "None", "Sale Price": "5.99", "Image": "https://assets.shop.loblaws.ca/products/21454797/b1/en/front/21454797_front_a01_@2.png", "Brand": "Waterview Market", "Url": "https://www.maxi.ca/crispy-calamari/p/21454797_EA", "Sub Category": null, "English Name": "Crispy Calamari", "Size": "300 g", "Size Label": "ea"}, {"Category": "Seafood Appetizers", "Aisle": "Fish & Seafood", "Sku": "21220644_EA", "Regular Price": "None", "Sale Price": "19.49", "Image": "https://assets.shop.loblaws.ca/products/21220644/b1/en/front/21220644_front_a01_@2.png", "Brand": "President's Choice", "Url": "https://www.maxi.ca/bacon-wrapped-wild-sea-scallops/p/21220644_EA", "Sub Category": null, "English Name": "Bacon-Wrapped Wild Sea Scallops", "Size": "260 g", "Size Label": "ea"}, {"Category": "Seafood Appetizers", "Aisle": "Fish & Seafood", "Sku": "21415034_EA", "Regular Price": "None", "Sale Price": "10.00", "Image": "https://assets.shop.loblaws.ca/products/21415034/b1/en/front/21415034_front_a01_@2.png", "Brand": null, "Url": "https://www.maxi.ca/uncooked-breaded-fish-cakes/p/21415034_EA", "Sub Category": null, "English Name": "Uncooked Breaded Fish Cakes", "Size": "1 kg", "Size Label": "ea"}, {"Category": "Seafood Appetizers", "Aisle": "Fish & Seafood", "Sku": "21479266_EA", "Regular Price": "None", "Sale Price": "5.49", "Image": "https://assets.shop.loblaws.ca/products/21479266/b1/en/front/21479266_front_a01_@2.png", "Brand": "Salads of the Sea", "Url": "https://www.maxi.ca/smoky-bacon-crab-flavoured-dip/p/21479266_EA", "Sub Category": null, "English Name": "Smoky Bacon Crab Flavoured Dip", "Size": "198 g", "Size Label": "ea"}, {"Category": "Seafood Appetizers", "Aisle": "Fish & Seafood", "Sku": "21480493_EA", "Regular Price": "None", "Sale Price": "5.49", "Image": "https://assets.shop.loblaws.ca/products/21480493/b1/en/front/21480493_front_a01_@2.png", "Brand": "Salads of the Sea", "Url": "https://www.maxi.ca/cajun-crab-flavoured-dip/p/21480493_EA", "Sub Category": null, "English Name": "Cajun Crab Flavoured Dip", "Size": "198 g", "Size Label": "ea"}, {"Category": "Seafood Appetizers", "Aisle": "Fish & Seafood", "Sku": "21480487_EA", "Regular Price": "None", "Sale Price": "5.49", "Image": "https://assets.shop.loblaws.ca/products/21480487/b1/en/front/21480487_front_a01_@2.png", "Brand": "Salads of the Sea", "Url": "https://www.maxi.ca/smoked-salmon-flavoured-dip/p/21480487_EA", "Sub Category": null, "English Name": "Smoked Salmon Flavoured Dip", "Size": "198 g", "Size Label": "ea"}, {"Category": "Seafood Appetizers", "Aisle": "Fish & Seafood", "Sku": "21344973_EA", "Regular Price": "None", "Sale Price": "4.79", "Image": "https://assets.shop.loblaws.ca/products/21344973/b1/en/front/21344973_front_a01_@2.png", "Brand": "Malimousse", "Url": "https://www.maxi.ca/trio-mousse/p/21344973_EA", "Sub Category": null, "English Name": "Trio Mousse", "Size": "210 g", "Size Label": "ea"}, {"Category": "Seafood Appetizers", "Aisle": "Fish & Seafood", "Sku": "20834723_EA", "Regular Price": "None", "Sale Price": "4.00", "Image": "https://assets.shop.loblaws.ca/products/20834723/b1/en/front/20834723_front_a01_@2.png", "Brand": "Malimousse", "Url": "https://www.maxi.ca/shrimp-spread/p/20834723_EA", "Sub Category": null, "English Name": "Shrimp Spread", "Size": "130 g", "Size Label": "ea"}, {"Category": "Seafood Appetizers", "Aisle": "Fish & Seafood", "Sku": "20540249_EA", "Regular Price": "None", "Sale Price": "4.00", "Image": "https://assets.shop.loblaws.ca/products/20540249/b1/en/front/20540249_front_a01_@2.png", "Brand": "Malimousse", "Url": "https://www.maxi.ca/smoked-salmon-spread/p/20540249_EA", "Sub Category": null, "English Name": "Smoked Salmon Spread", "Size": "130 g", "Size Label": "ea"}, {"Category": "Seafood Appetizers", "Aisle": "Fish & Seafood", "Sku": "20540245_EA", "Regular Price": "None", "Sale Price": "4.00", "Image": "https://assets.shop.loblaws.ca/products/20540245/b1/en/front/20540245_front_a01_@2.png", "Brand": "Malimousse", "Url": "https://www.maxi.ca/lobster-spread/p/20540245_EA", "Sub Category": null, "English Name": "Lobster Spread", "Size": "130 g", "Size Label": "ea"}, {"Category": "Seafood Appetizers", "Aisle": "Fish & Seafood", "Sku": "21403388_EA", "Regular Price": "None", "Sale Price": "10.99", "Image": "https://assets.shop.loblaws.ca/products/21403388/b1/en/front/21403388_front_a01_@2.png", "Brand": "KUTO", "Url": "https://www.maxi.ca/montreal-steak-spice-beef-tartare-all-included/p/21403388_EA", "Sub Category": null, "English Name": "Montreal Steak Spice Beef Tartare All Included ", "Size": "125 g", "Size Label": "ea"}, {"Category": "Seafood Appetizers", "Aisle": "Fish & Seafood", "Sku": "20998025_EA", "Regular Price": "None", "Sale Price": "4.00", "Image": "https://assets.shop.loblaws.ca/products/20998025/b1/en/front/20998025_front_a01_@2.png", "Brand": "La Boucanerie", "Url": "https://www.maxi.ca/tuna-spread/p/20998025_EA", "Sub Category": null, "English Name": "Tuna Spread", "Size": "160 g", "Size Label": "ea"}, {"Category": "Seafood Appetizers", "Aisle": "Fish & Seafood", "Sku": "20792248_EA", "Regular Price": "None", "Sale Price": "6.99", "Image": "https://assets.shop.loblaws.ca/products/20792248/b1/en/front/20792248_front_a01_@2.png", "Brand": null, "Url": "https://www.maxi.ca/seafood-medley/p/20792248_EA", "Sub Category": null, "English Name": "Seafood Medley", "Size": "360 g", "Size Label": "ea"}, {"Category": "Seafood Appetizers", "Aisle": "Fish & Seafood", "Sku": "20992023_EA", "Regular Price": "None", "Sale Price": "4.00", "Image": "https://assets.loblaws.ca/pcx_bronx_fe_assets/images/common/coming-soon-en-web.png", "Brand": "La Boucanerie", "Url": "https://www.maxi.ca/smoked-whitefish-spread/p/20992023_EA", "Sub Category": null, "English Name": "Smoked Whitefish Spread", "Size": "160 g", "Size Label": "ea"}, {"Category": "Seafood Appetizers", "Aisle": "Fish & Seafood", "Sku": "20991931_EA", "Regular Price": "None", "Sale Price": "4.00", "Image": "https://assets.shop.loblaws.ca/products/20991931/b1/en/front/20991931_front_a01_@2.png", "Brand": "La Boucanerie", "Url": "https://www.maxi.ca/smoked-trout-spread/p/20991931_EA", "Sub Category": null, "English Name": "Smoked Trout Spread", "Size": "160 g", "Size Label": "ea"}, {"Category": "Seafood Appetizers", "Aisle": "Fish & Seafood", "Sku": "20997865_EA", "Regular Price": "None", "Sale Price": "4.00", "Image": "https://assets.shop.loblaws.ca/products/20997865/b1/en/front/20997865_front_a01_@2.png", "Brand": "La Boucanerie", "Url": "https://www.maxi.ca/smoked-salmon-spread/p/20997865_EA", "Sub Category": null, "English Name": "Smoked Salmon Spread", "Size": "160 g", "Size Label": "ea"}, {"Category": "Squid & Octopus", "Aisle": "Fish & Seafood", "Sku": "20121461_EA", "Regular Price": "None", "Sale Price": "12.99", "Image": "https://assets.shop.loblaws.ca/products/20121461/b1/en/front/20121461_front_a01_@2.png", "Brand": null, "Url": "https://www.maxi.ca/california-squid/p/20121461_EA", "Sub Category": null, "English Name": "California Squid", "Size": "1 kg", "Size Label": "ea"}, {"Category": "Squid & Octopus", "Aisle": "Fish & Seafood", "Sku": "20027170_EA", "Regular Price": "None", "Sale Price": "8.99", "Image": "https://assets.shop.loblaws.ca/products/20027170/b1/en/front/20027170_front_a01_@2.png", "Brand": "Seaquest", "Url": "https://www.maxi.ca/calamari-rings-uncooked/p/20027170_EA", "Sub Category": null, "English Name": "Calamari Rings, Uncooked", "Size": "340 g", "Size Label": "ea"}, {"Category": "Squid & Octopus", "Aisle": "Fish & Seafood", "Sku": "20792671_EA", "Regular Price": "None", "Sale Price": "8.99", "Image": "https://assets.shop.loblaws.ca/products/20792671/b1/en/front/20792671_front_a01_@2.png", "Brand": null, "Url": "https://www.maxi.ca/squid-rings/p/20792671_EA", "Sub Category": null, "English Name": "Squid Rings", "Size": "408 g", "Size Label": "ea"}, {"Category": "Salmon", "Aisle": "Fish & Seafood", "Sku": "21093881_EA", "Regular Price": "None", "Sale Price": "8.99", "Image": "https://assets.shop.loblaws.ca/products/21093881/b1/en/front/21093881_front_a01_@2.png", "Brand": "High Liner", "Url": "https://www.maxi.ca/pink-salmon/p/21093881_EA", "Sub Category": null, "English Name": "Pink Salmon", "Size": "400 g", "Size Label": "ea"}, {"Category": "Salmon", "Aisle": "Fish & Seafood", "Sku": "21180833_EA", "Regular Price": "None", "Sale Price": "10.00", "Image": "https://assets.shop.loblaws.ca/products/21180833/b1/en/front/21180833_front_a01_@2.png", "Brand": null, "Url": "https://www.maxi.ca/salmon/p/21180833_EA", "Sub Category": null, "English Name": "Salmon", "Size": "700 g", "Size Label": "ea"}, {"Category": "Salmon", "Aisle": "Fish & Seafood", "Sku": "20005835_KG", "Regular Price": "None", "Sale Price": "11.35", "Image": "https://assets.shop.loblaws.ca/products/20005835/b1/en/front/20005835_front_a01_@2.png", "Brand": null, "Url": "https://www.maxi.ca/frozen-steelhead-trout-fillets/p/20005835_KG", "Sub Category": null, "English Name": "Frozen Steelhead Trout Fillets", "Size": "$22.02/1kg $9.99/1lb", "Size Label": "ea"}, {"Category": "Salmon", "Aisle": "Fish & Seafood", "Sku": "20184687_KG", "Regular Price": "None", "Sale Price": "12.03", "Image": "https://assets.shop.loblaws.ca/products/20184687/b1/en/front/20184687_front_a01_@2.png", "Brand": "Seaquest", "Url": "https://www.maxi.ca/rainbow-trout-fillets/p/20184687_KG", "Sub Category": null, "English Name": "Rainbow Trout Fillets", "Size": "$30.84/1kg", "Size Label": "ea"}, {"Category": "Salmon", "Aisle": "Fish & Seafood", "Sku": "20339767_KG", "Regular Price": "None", "Sale Price": "22.85", "Image": "https://assets.shop.loblaws.ca/products/20339767/b1/en/front/20339767_front_a01_@2.png", "Brand": null, "Url": "https://www.maxi.ca/fresh-salmon/p/20339767_KG", "Sub Category": null, "English Name": "Fresh Salmon", "Size": "$13.99/1lb $30.84/1kg", "Size Label": "ea"}, {"Category": "Salmon", "Aisle": "Fish & Seafood", "Sku": "21166925_KG", "Regular Price": "None", "Sale Price": "17.85", "Image": "https://assets.shop.loblaws.ca/products/21166925/b1/en/front/21166925_front_a01_@2.png", "Brand": null, "Url": "https://www.maxi.ca/coho-salmon-fillet-skin-on/p/21166925_KG", "Sub Category": null, "English Name": "Coho Salmon Fillet, Skin On", "Size": "$33.05/1kg", "Size Label": "ea"}, {"Category": "Salmon", "Aisle": "Fish & Seafood", "Sku": "20651933_EA", "Regular Price": "None", "Sale Price": "15.49", "Image": "https://assets.shop.loblaws.ca/products/20651933/b1/en/front/20651933_front_a01_@2.png", "Brand": "High Liner", "Url": "https://www.maxi.ca/catch-of-the-day-salmon-fillets/p/20651933_EA", "Sub Category": null, "English Name": "Catch of the Day Salmon Fillets", "Size": "680 g", "Size Label": "ea"}, {"Category": "Salmon", "Aisle": "Fish & Seafood", "Sku": "21396305_EA", "Regular Price": "None", "Sale Price": "8.99", "Image": "https://assets.shop.loblaws.ca/products/21396305/b1/en/front/21396305_front_a01_@2.png", "Brand": "Nigel", "Url": "https://www.maxi.ca/frozen-cod-fish-cakes/p/21396305_EA", "Sub Category": null, "English Name": "Frozen Cod Fish Cakes", "Size": "330 g", "Size Label": "ea"}, {"Category": "Salmon", "Aisle": "Fish & Seafood", "Sku": "21314738_EA", "Regular Price": "None", "Sale Price": "17.99", "Image": "https://assets.shop.loblaws.ca/products/21314738/b1/en/front/21314738_front_a01_@2.png", "Brand": "Seaquest", "Url": "https://www.maxi.ca/pink-salmon-fillets/p/21314738_EA", "Sub Category": null, "English Name": "Pink Salmon Fillets", "Size": "1 kg", "Size Label": "ea"}, {"Category": "Salmon", "Aisle": "Fish & Seafood", "Sku": "21396379_EA", "Regular Price": "None", "Sale Price": "8.99", "Image": "https://assets.shop.loblaws.ca/products/21396379/b1/en/front/21396379_front_a01_@2.png", "Brand": "Nigel", "Url": "https://www.maxi.ca/frozen-shrimp-cakes/p/21396379_EA", "Sub Category": null, "English Name": "Frozen Shrimp Cakes", "Size": "400 g", "Size Label": "ea"}, {"Category": "Salmon", "Aisle": "Fish & Seafood", "Sku": "21179848_KG", "Regular Price": "None", "Sale Price": "18.10", "Image": "https://assets.shop.loblaws.ca/products/21179848/b1/en/front/21179848_front_a01_@2.png", "Brand": null, "Url": "https://www.maxi.ca/steelhead-trout-fillet-fresh/p/21179848_KG", "Sub Category": null, "English Name": "Steelhead Trout Fillet, Fresh", "Size": "$34.15/1kg", "Size Label": "ea"}, {"Category": "Salmon", "Aisle": "Fish & Seafood", "Sku": "21339711_EA", "Regular Price": "None", "Sale Price": "1.00", "Image": "https://assets.shop.loblaws.ca/products/21339711/b1/en/front/21339711_front_a01_@2.png", "Brand": "Green Ocean", "Url": "https://www.maxi.ca/go-wild-haddock-portion/p/21339711_EA", "Sub Category": null, "English Name": "Go Wild Haddock Portion", "Size": "114 g", "Size Label": "ea"}, {"Category": "Salmon", "Aisle": "Fish & Seafood", "Sku": "20758374_KG", "Regular Price": "None", "Sale Price": "11.43", "Image": "https://assets.shop.loblaws.ca/products/20758374/b1/en/front/20758374_front_a01_@2.png", "Brand": null, "Url": "https://www.maxi.ca/atlantic-salmon-whole/p/20758374_KG", "Sub Category": null, "English Name": "Atlantic Salmon, Whole", "Size": "$6.79/1lb $14.97/1kg", "Size Label": "ea"}, {"Category": "Salmon", "Aisle": "Fish & Seafood", "Sku": "21011909_EA", "Regular Price": "None", "Sale Price": "8.79", "Image": "https://assets.shop.loblaws.ca/products/21011909/b1/en/front/21011909_front_a01_@2.png", "Brand": "Aquastar", "Url": "https://www.maxi.ca/pacific-salmon-fillets/p/21011909_EA", "Sub Category": null, "English Name": "Pacific Salmon Fillets", "Size": "567 g", "Size Label": "ea"}, {"Category": "Salmon", "Aisle": "Fish & Seafood", "Sku": "21016659_EA", "Regular Price": "None", "Sale Price": "9.99", "Image": "https://assets.shop.loblaws.ca/products/21016659/b1/en/front/21016659_front_a01_@2.png", "Brand": null, "Url": "https://www.maxi.ca/soline-skin-on-salmon/p/21016659_EA", "Sub Category": null, "English Name": "Soline Skin on Salmon", "Size": "454 g", "Size Label": "ea"}, {"Category": "Salmon", "Aisle": "Fish & Seafood", "Sku": "20430724_KG", "Regular Price": "None", "Sale Price": "12.53", "Image": "https://assets.shop.loblaws.ca/products/20430724/b1/en/front/20430724_front_a01_@2.png", "Brand": "Seaquest", "Url": "https://www.maxi.ca/atlantic-salmon-steak/p/20430724_KG", "Sub Category": null, "English Name": "Atlantic Salmon Steak    ", "Size": "$14.80/1lb $32.61/1kg", "Size Label": "ea"}, {"Category": "Salmon", "Aisle": "Fish & Seafood", "Sku": "21339690_EA", "Regular Price": "None", "Sale Price": "1.00", "Image": "https://assets.shop.loblaws.ca/products/21339690/b1/en/front/21339690_front_a01_@2.png", "Brand": "Green Ocean", "Url": "https://www.maxi.ca/go-basa-portion/p/21339690_EA", "Sub Category": null, "English Name": "Go Basa Portion", "Size": "114 g", "Size Label": "ea"}, {"Category": "Salmon", "Aisle": "Fish & Seafood", "Sku": "20925412_KG", "Regular Price": "None", "Sale Price": "13.62", "Image": "https://assets.shop.loblaws.ca/products/20925412/b1/en/front/20925412_front_a01_@2.png", "Brand": "Seaquest", "Url": "https://www.maxi.ca/fresh-steelhead-trout-fillets/p/20925412_KG", "Sub Category": null, "English Name": "Fresh Steelhead Trout Fillets", "Size": "$12.99/1lb $28.64/1kg", "Size Label": "ea"}, {"Category": "Salmon", "Aisle": "Fish & Seafood", "Sku": "21339692_EA", "Regular Price": "None", "Sale Price": "1.00", "Image": "https://assets.shop.loblaws.ca/products/21339692/b1/en/front/21339692_front_a01_@2.png", "Brand": "Green Ocean", "Url": "https://www.maxi.ca/go-wild-pink-salmon-portion/p/21339692_EA", "Sub Category": null, "English Name": "Go Wild Pink Salmon Portion", "Size": "114 g", "Size Label": "ea"}, {"Category": "Salmon", "Aisle": "Fish & Seafood", "Sku": "20924907_KG", "Regular Price": "None", "Sale Price": "9.71", "Image": "https://assets.shop.loblaws.ca/products/20924907/b1/en/front/20924907_front_a01_@2.png", "Brand": "Seaquest", "Url": "https://www.maxi.ca/whole-dressed-rainbow-trout/p/20924907_KG", "Sub Category": null, "English Name": "Whole Dressed Rainbow Trout", "Size": "$19.82/1kg $8.99/1lb", "Size Label": "ea"}, {"Category": "Salmon", "Aisle": "Fish & Seafood", "Sku": "21314740_EA", "Regular Price": "None", "Sale Price": "8.99", "Image": "https://assets.shop.loblaws.ca/products/21314740/b1/en/front/21314740_front_a01_@2.png", "Brand": "Seaquest", "Url": "https://www.maxi.ca/pink-salmon-fillets/p/21314740_EA", "Sub Category": null, "English Name": "Pink Salmon Fillets", "Size": "400 g", "Size Label": "ea"}, {"Category": "Shrimp", "Aisle": "Fish & Seafood", "Sku": "21043887_EA", "Regular Price": "None", "Sale Price": "7.99", "Image": "https://assets.shop.loblaws.ca/products/21043887/b1/en/front/21043887_front_a01_@2.png", "Brand": "Seaquest", "Url": "https://www.maxi.ca/pacific-white-shrimp-raw-16-20-lb/p/21043887_EA", "Sub Category": null, "English Name": "Pacific White Shrimp Raw 16-20/LB", "Size": "300 g", "Size Label": "ea"}, {"Category": "Shrimp", "Aisle": "Fish & Seafood", "Sku": "21043685_EA", "Regular Price": "None", "Sale Price": "8.49", "Image": "https://assets.shop.loblaws.ca/products/21043685/b1/en/front/21043685_front_a01_@2.png", "Brand": "Seaquest", "Url": "https://www.maxi.ca/cooked-shrimp-36-45/p/21043685_EA", "Sub Category": null, "English Name": "Cooked Shrimp, 36/45", "Size": "300 g", "Size Label": "ea"}, {"Category": "Shrimp", "Aisle": "Fish & Seafood", "Sku": "20907159_EA", "Regular Price": "None", "Sale Price": "10.99", "Image": "https://assets.shop.loblaws.ca/products/20907159/b1/en/front/20907159_front_a01_@2.png", "Brand": null, "Url": "https://www.maxi.ca/raw-wild-shrimp-easy-peel/p/20907159_EA", "Sub Category": null, "English Name": "Raw Wild Shrimp, Easy Peel", "Size": "300 g", "Size Label": "ea"}, {"Category": "Shrimp", "Aisle": "Fish & Seafood", "Sku": "21044927_EA", "Regular Price": "None", "Sale Price": "7.99", "Image": "https://assets.shop.loblaws.ca/products/21044927/b1/en/front/21044927_front_a01_@2.png", "Brand": "Seaquest", "Url": "https://www.maxi.ca/pacific-white-shrimp/p/21044927_EA", "Sub Category": null, "English Name": "Pacific White Shrimp", "Size": "300 g", "Size Label": "ea"}, {"Category": "Shrimp", "Aisle": "Fish & Seafood", "Sku": "21044529_EA", "Regular Price": "None", "Sale Price": "7.79", "Image": "https://assets.shop.loblaws.ca/products/21044529/b1/en/front/21044529_front_a01_@2.png", "Brand": "Seaquest", "Url": "https://www.maxi.ca/pacific-white-shrimp/p/21044529_EA", "Sub Category": null, "English Name": "Pacific White Shrimp", "Size": "300 g", "Size Label": "ea"}, {"Category": "Shrimp", "Aisle": "Fish & Seafood", "Sku": "21332386_EA", "Regular Price": "None", "Sale Price": "13.49", "Image": "https://assets.shop.loblaws.ca/products/21332386/b1/en/front/21332386_front_a01_@2.png", "Brand": "President's Choice", "Url": "https://www.maxi.ca/raw-shrimp/p/21332386_EA", "Sub Category": null, "English Name": "Raw Shrimp", "Size": "340 g", "Size Label": "ea"}, {"Category": "Shrimp", "Aisle": "Fish & Seafood", "Sku": "20021832_EA", "Regular Price": "None", "Sale Price": "12.49", "Image": "https://assets.shop.loblaws.ca/products/20021832/b1/en/front/20021832_front_a01_@2.png", "Brand": "President's Choice", "Url": "https://www.maxi.ca/wild-atlantic-cold-water-shrimp-cooked-peeled/p/20021832_EA", "Sub Category": null, "English Name": "Wild Atlantic Cold Water Shrimp Cooked Peeled ", "Size": "340 g", "Size Label": "ea"}, {"Category": "Shrimp", "Aisle": "Fish & Seafood", "Sku": "21043889_EA", "Regular Price": "None", "Sale Price": "8.49", "Image": "https://assets.shop.loblaws.ca/products/21043889/b1/en/front/21043889_front_a01_@2.png", "Brand": "Seaquest", "Url": "https://www.maxi.ca/pacific-white-shrimp-cooked/p/21043889_EA", "Sub Category": null, "English Name": "Pacific White Shrimp Cooked", "Size": "300 g", "Size Label": "ea"}, {"Category": "Shrimp", "Aisle": "Fish & Seafood", "Sku": "20180352_EA", "Regular Price": "None", "Sale Price": "12.99", "Image": "https://assets.shop.loblaws.ca/products/20180352/b1/en/front/20180352_front_a01_@2.png", "Brand": "Seaquest", "Url": "https://www.maxi.ca/salad-shrimp/p/20180352_EA", "Sub Category": null, "English Name": "Salad Shrimp", "Size": "454 g", "Size Label": "ea"}, {"Category": "Shrimp", "Aisle": "Fish & Seafood", "Sku": "21531280_EA", "Regular Price": "None", "Sale Price": "12.99", "Image": "https://assets.shop.loblaws.ca/products/21531280/b1/en/front/21531280_front_a01_@2.png", "Brand": "Blue Tide", "Url": "https://www.maxi.ca/cold-water-shrimp/p/21531280_EA", "Sub Category": null, "English Name": "Cold Water Shrimp", "Size": "400 g", "Size Label": "ea"}, {"Category": "Shrimp", "Aisle": "Fish & Seafood", "Sku": "21044919_EA", "Regular Price": "None", "Sale Price": "8.49", "Image": "https://assets.shop.loblaws.ca/products/21044919/b1/en/front/21044919_front_a01_@2.png", "Brand": "Seaquest", "Url": "https://www.maxi.ca/cooked-shrimp/p/21044919_EA", "Sub Category": null, "English Name": "Cooked Shrimp", "Size": "300 g", "Size Label": "ea"}, {"Category": "Shrimp", "Aisle": "Fish & Seafood", "Sku": "21332404_EA", "Regular Price": "None", "Sale Price": "13.99", "Image": "https://assets.shop.loblaws.ca/products/21332404/b1/en/front/21332404_front_a01_@2.png", "Brand": "PC Organics", "Url": "https://www.maxi.ca/organics-peeled-raw-black-tiger-shrimp/p/21332404_EA", "Sub Category": null, "English Name": "Organics Peeled Raw Black Tiger Shrimp", "Size": "300 g", "Size Label": "ea"}, {"Category": "Shrimp", "Aisle": "Fish & Seafood", "Sku": "20080289_EA", "Regular Price": "7.99", "Sale Price": "6.00", "Image": "https://assets.shop.loblaws.ca/products/20080289/b1/en/front/20080289_front_a01_@2.png", "Brand": "Seaquest", "Url": "https://www.maxi.ca/shrimp-ring/p/20080289_EA", "Sub Category": null, "English Name": "Shrimp Ring", "Size": "227 g", "Size Label": "ea"}, {"Category": "Shrimp", "Aisle": "Fish & Seafood", "Sku": "20979191_EA", "Regular Price": "None", "Sale Price": "13.49", "Image": "https://assets.shop.loblaws.ca/products/20979191/b1/en/front/20979191_front_a01_@2.png", "Brand": "Seaquest", "Url": "https://www.maxi.ca/shrimp-ring/p/20979191_EA", "Sub Category": null, "English Name": "Shrimp Ring", "Size": "454 g", "Size Label": "ea"}, {"Category": "Shrimp", "Aisle": "Fish & Seafood", "Sku": "20833968_EA", "Regular Price": "None", "Sale Price": "8.99", "Image": "https://assets.shop.loblaws.ca/products/20833968/b1/en/front/20833968_front_a01_@2.png", "Brand": null, "Url": "https://www.maxi.ca/peeled-and-cooked-shrimp/p/20833968_EA", "Sub Category": null, "English Name": "Peeled and Cooked Shrimp", "Size": "340 g", "Size Label": "ea"}, {"Category": "Shrimp", "Aisle": "Fish & Seafood", "Sku": "21043816_EA", "Regular Price": "14.49", "Sale Price": "12.99", "Image": "https://assets.shop.loblaws.ca/products/21043816/b1/en/front/21043816_front_a01_@2.png", "Brand": "Seaquest", "Url": "https://www.maxi.ca/pacific-white-shrimp-cooked-club-size/p/21043816_EA", "Sub Category": null, "English Name": "Pacific White Shrimp Cooked, Club Size", "Size": "680 g", "Size Label": "ea"}, {"Category": "Shrimp", "Aisle": "Fish & Seafood", "Sku": "20147098_EA", "Regular Price": "None", "Sale Price": "19.99", "Image": "https://assets.shop.loblaws.ca/products/20147098/b1/en/front/20147098_front_a01_@2.png", "Brand": "President's Choice", "Url": "https://www.maxi.ca/pacific-white-shrimp-platter-with-mild-cocktail-sa/p/20147098_EA", "Sub Category": null, "English Name": "Pacific White Shrimp Platter with Mild Cocktail Sauce", "Size": "568 g", "Size Label": "ea"}, {"Category": "Shrimp", "Aisle": "Fish & Seafood", "Sku": "21043834_EA", "Regular Price": "None", "Sale Price": "7.99", "Image": "https://assets.shop.loblaws.ca/products/21043834/b1/en/front/21043834_front_a01_@2.png", "Brand": "Seaquest", "Url": "https://www.maxi.ca/pacific-white-shrimp-raw/p/21043834_EA", "Sub Category": null, "English Name": "Pacific White Shrimp Raw", "Size": "300 g", "Size Label": "ea"}, {"Category": "Shrimp", "Aisle": "Fish & Seafood", "Sku": "21498124_EA", "Regular Price": "None", "Sale Price": "13.99", "Image": "https://assets.shop.loblaws.ca/products/21498124/b1/en/front/21498124_front_a01_@2.png", "Brand": "Blue Tide", "Url": "https://www.maxi.ca/cold-water-shrimp/p/21498124_EA", "Sub Category": null, "English Name": "Cold Water Shrimp", "Size": "400 g", "Size Label": "ea"}, {"Category": "Shrimp", "Aisle": "Fish & Seafood", "Sku": "21043700_EA", "Regular Price": "13.49", "Sale Price": "12.99", "Image": "https://assets.shop.loblaws.ca/products/21043700/b1/en/front/21043700_front_a01_@2.png", "Brand": "Seaquest", "Url": "https://www.maxi.ca/pacific-white-shrimp/p/21043700_EA", "Sub Category": null, "English Name": "Pacific White Shrimp", "Size": "680 g", "Size Label": "ea"}, {"Category": "Shrimp", "Aisle": "Fish & Seafood", "Sku": "20789931_EA", "Regular Price": "None", "Sale Price": "10.99", "Image": "https://assets.shop.loblaws.ca/products/20789931/b1/en/front/20789931_front_a01_@2.png", "Brand": "President's Choice", "Url": "https://www.maxi.ca/pacific-white-shrimp-raw-peeled-large/p/20789931_EA", "Sub Category": null, "English Name": "Pacific White Shrimp Raw Peeled, Large", "Size": "400 g", "Size Label": "ea"}, {"Category": "Shrimp", "Aisle": "Fish & Seafood", "Sku": "21554523_EA", "Regular Price": "None", "Sale Price": "8.59", "Image": "https://assets.shop.loblaws.ca/products/21554523/b1/en/front/21554523_front_a01_@2.png", "Brand": "Waterview Market", "Url": "https://www.maxi.ca/raw-shrimp-skewers-garlic-herb-400-g/p/21554523_EA", "Sub Category": null, "English Name": "Raw Shrimp Skewers, Garlic & Herb, 400 G", "Size": "400 g", "Size Label": "ea"}, {"Category": "Shrimp", "Aisle": "Fish & Seafood", "Sku": "21555660_EA", "Regular Price": "None", "Sale Price": "7.99", "Image": "https://assets.shop.loblaws.ca/products/21555660/b1/en/front/21555660_front_a01_@2.png", "Brand": "Aquastar", "Url": "https://www.maxi.ca/garlic-herb-shrimp-skewers-peeled-tail-on/p/21555660_EA", "Sub Category": null, "English Name": "Garlic & Herb Shrimp Skewers Peeled, Tail-On", "Size": "252 g", "Size Label": "ea"}, {"Category": "Shrimp", "Aisle": "Fish & Seafood", "Sku": "20917802_EA", "Regular Price": "None", "Sale Price": "9.99", "Image": "https://assets.shop.loblaws.ca/products/20917802/b1/en/front/20917802_front_a01_@2.png", "Brand": null, "Url": "https://www.maxi.ca/hoso-shrimp-cooked/p/20917802_EA", "Sub Category": null, "English Name": "Hoso Shrimp, Cooked", "Size": "400 g", "Size Label": "ea"}, {"Category": "Shrimp", "Aisle": "Fish & Seafood", "Sku": "21098179_EA", "Regular Price": "None", "Sale Price": "7.99", "Image": "https://assets.shop.loblaws.ca/products/21098179/b1/en/front/21098179_front_a01_@2.png", "Brand": "Sardo", "Url": "https://www.maxi.ca/select-seafood-salad-marinated/p/21098179_EA", "Sub Category": null, "English Name": "Select Seafood Salad Marinated   ", "Size": "212 g", "Size Label": "ea"}, {"Category": "Shrimp", "Aisle": "Fish & Seafood", "Sku": "21098175_EA", "Regular Price": "None", "Sale Price": "7.99", "Image": "https://assets.shop.loblaws.ca/products/21098175/b1/en/front/21098175_front_a01_@2.png", "Brand": "Sardo", "Url": "https://www.maxi.ca/select-shrimp-herb-garlic-marinated/p/21098175_EA", "Sub Category": null, "English Name": "Select Shrimp Herb & Garlic Marinated ", "Size": "212 g", "Size Label": "ea"}, {"Category": "Shrimp", "Aisle": "Fish & Seafood", "Sku": "21098170_EA", "Regular Price": "None", "Sale Price": "7.99", "Image": "https://assets.shop.loblaws.ca/products/21098170/b1/en/front/21098170_front_a01_@2.png", "Brand": "Sardo", "Url": "https://www.maxi.ca/select-shrimp-spicy-jalape-o-marinated/p/21098170_EA", "Sub Category": null, "English Name": "Select Shrimp Spicy Jalape\u00f1o Marinated", "Size": "250 ml", "Size Label": "ea"}, {"Category": "Shrimp", "Aisle": "Fish & Seafood", "Sku": "20855133_EA", "Regular Price": "None", "Sale Price": "13.49", "Image": "https://assets.shop.loblaws.ca/products/20855133/b1/en/front/20855133_front_a01_@2.png", "Brand": "Anchor Bay", "Url": "https://www.maxi.ca/black-tiger-shrimp-31-40/p/20855133_EA", "Sub Category": null, "English Name": "Black Tiger Shrimp, 31/40", "Size": "400 g", "Size Label": "ea"}, {"Category": "Shrimp", "Aisle": "Fish & Seafood", "Sku": "20792242_EA", "Regular Price": "None", "Sale Price": "14.99", "Image": "https://assets.shop.loblaws.ca/products/20792242/b1/en/front/20792242_front_a01_@2.png", "Brand": "Anchor Bay", "Url": "https://www.maxi.ca/cooked-shrimp-61-70-ct/p/20792242_EA", "Sub Category": null, "English Name": "Cooked Shrimp 61-70 ct", "Size": "454 g", "Size Label": "ea"}, {"Category": "Shrimp", "Aisle": "Fish & Seafood", "Sku": "21380663_EA", "Regular Price": "None", "Sale Price": "14.99", "Image": "https://assets.shop.loblaws.ca/products/21380663/b1/en/front/21380663_front_a01_@2.png", "Brand": "Arahova", "Url": "https://www.maxi.ca/butterfly-shrimp/p/21380663_EA", "Sub Category": null, "English Name": "Butterfly Shrimp", "Size": "300 g", "Size Label": "ea"}, {"Category": "Shrimp", "Aisle": "Fish & Seafood", "Sku": "20979227_EA", "Regular Price": "None", "Sale Price": "10.79", "Image": "https://assets.shop.loblaws.ca/products/20979227/b1/en/front/20979227_front_a01_@2.png", "Brand": "President's Choice", "Url": "https://www.maxi.ca/lemon-garlic-pacific-white-shrimp/p/20979227_EA", "Sub Category": null, "English Name": "Lemon & Garlic Pacific White Shrimp", "Size": "480 g", "Size Label": "ea"}, {"Category": "Smoked Fish", "Aisle": "Fish & Seafood", "Sku": "20792840_EA", "Regular Price": "None", "Sale Price": "2.49", "Image": "https://assets.shop.loblaws.ca/products/20792840/b1/en/front/20792840_front_a01_@2.png", "Brand": "DOM", "Url": "https://www.maxi.ca/smoked-steelhead-salmon/p/20792840_EA", "Sub Category": null, "English Name": "Smoked Steelhead Salmon", "Size": "50 g", "Size Label": "ea"}, {"Category": "Smoked Fish", "Aisle": "Fish & Seafood", "Sku": "20055009_EA", "Regular Price": "None", "Sale Price": "13.99", "Image": "https://assets.shop.loblaws.ca/products/20055009/b1/en/front/20055009_front_a01_@2.png", "Brand": "President's Choice", "Url": "https://www.maxi.ca/smoked-wild-sockeye-salmon/p/20055009_EA", "Sub Category": null, "English Name": "Smoked Wild Sockeye Salmon", "Size": "150 g", "Size Label": "ea"}, {"Category": "Smoked Fish", "Aisle": "Fish & Seafood", "Sku": "21404587_EA", "Regular Price": "None", "Sale Price": "11.99", "Image": "https://assets.shop.loblaws.ca/products/21404587/b1/en/front/21404587_front_a01_@2.png", "Brand": "President's Choice", "Url": "https://www.maxi.ca/oak-smoked-scottish-atlantic-salmon/p/21404587_EA", "Sub Category": null, "English Name": "Oak Smoked Scottish Atlantic Salmon", "Size": "150 g", "Size Label": "ea"}, {"Category": "Smoked Fish", "Aisle": "Fish & Seafood", "Sku": "20976930_EA", "Regular Price": "None", "Sale Price": "10.99", "Image": "https://assets.shop.loblaws.ca/products/20976930/b1/en/front/20976930_front_a01_@2.png", "Brand": "President's Choice", "Url": "https://www.maxi.ca/candied-salmon-maple-flavour/p/20976930_EA", "Sub Category": null, "English Name": "Candied Salmon, Maple Flavour", "Size": "150 g", "Size Label": "ea"}, {"Category": "Smoked Fish", "Aisle": "Fish & Seafood", "Sku": "21478301_EA", "Regular Price": "None", "Sale Price": "16.99", "Image": "https://assets.shop.loblaws.ca/products/21478301/b1/en/front/21478301_front_a01_@2.png", "Brand": "Royal", "Url": "https://www.maxi.ca/maplewood-smoked-coho-salmon/p/21478301_EA", "Sub Category": null, "English Name": "Maplewood Smoked Coho Salmon", "Size": "300 g", "Size Label": "ea"}, {"Category": "Smoked Fish", "Aisle": "Fish & Seafood", "Sku": "21307728_EA", "Regular Price": "None", "Sale Price": "5.99", "Image": "https://assets.shop.loblaws.ca/products/21307728/b1/en/front/21307728_front_a01_@2.png", "Brand": "Grizzly", "Url": "https://www.maxi.ca/coho-smooth-sliced-smoked-salmon/p/21307728_EA", "Sub Category": null, "English Name": "Coho Smooth Sliced Smoked Salmon", "Size": "60 g", "Size Label": "ea"}, {"Category": "Smoked Fish", "Aisle": "Fish & Seafood", "Sku": "21456462_EA", "Regular Price": "None", "Sale Price": "11.79", "Image": "https://assets.shop.loblaws.ca/products/21456462/b1/en/front/21456462_front_a01_@2.png", "Brand": "Grizzly", "Url": "https://www.maxi.ca/atlantic-salmon-half-smoked-sliced-gravlax/p/21456462_EA", "Sub Category": null, "English Name": "Atlantic Salmon Half-Smoked Sliced Gravlax", "Size": "100 g", "Size Label": "ea"}, {"Category": "Smoked Fish", "Aisle": "Fish & Seafood", "Sku": "20956694_EA", "Regular Price": "None", "Sale Price": "12.29", "Image": "https://assets.shop.loblaws.ca/products/20956694/b1/en/front/20956694_front_a01_@2.png", "Brand": "Grizzly", "Url": "https://www.maxi.ca/grizzy-salmon-tartare/p/20956694_EA", "Sub Category": null, "English Name": "Grizzy Salmon Tartare", "Size": "150 g", "Size Label": "ea"}, {"Category": "Smoked Fish", "Aisle": "Fish & Seafood", "Sku": "20733538_EA", "Regular Price": "None", "Sale Price": "9.99", "Image": "https://assets.shop.loblaws.ca/products/20733538/b1/en/front/20733538_front_a01_@2.png", "Brand": null, "Url": "https://www.maxi.ca/smoked-coho-salmon-log/p/20733538_EA", "Sub Category": null, "English Name": "Smoked Coho Salmon Log", "Size": "240 g", "Size Label": "ea"}, {"Category": "Smoked Fish", "Aisle": "Fish & Seafood", "Sku": "21307673_EA", "Regular Price": "None", "Sale Price": "5.79", "Image": "https://assets.shop.loblaws.ca/products/21307673/b1/en/front/21307673_front_a01_@2.png", "Brand": "Grizzly", "Url": "https://www.maxi.ca/delicate-sliced-smoked-rainbow-trout/p/21307673_EA", "Sub Category": null, "English Name": "Delicate Sliced Smoked Rainbow Trout", "Size": "60 g", "Size Label": "ea"}, {"Category": "Smoked Fish", "Aisle": "Fish & Seafood", "Sku": "21179836_EA", "Regular Price": "None", "Sale Price": "2.49", "Image": "https://assets.shop.loblaws.ca/products/21179836/b1/en/front/21179836_front_a01_@2.png", "Brand": "Waterview Market", "Url": "https://www.maxi.ca/smoked-salmon/p/21179836_EA", "Sub Category": null, "English Name": "Smoked Salmon", "Size": "50 g", "Size Label": "ea"}, {"Category": "Crackers & Cookies", "Aisle": "Snacks, Chips & Candy", "Sku": "20300320_EA", "Regular Price": "2.49", "Sale Price": "2.29", "Image": "https://assets.shop.loblaws.ca/products/20300320/b1/en/front/20300320_front_a01_@2.png", "Brand": "Pepperidge Farm", "Url": "https://www.maxi.ca/goldfish-cheddar/p/20300320_EA", "Sub Category": null, "English Name": "Goldfish  Cheddar", "Size": "200 g", "Size Label": "ea"}, {"Category": "Crackers & Cookies", "Aisle": "Snacks, Chips & Candy", "Sku": "21358407_EA", "Regular Price": "None", "Sale Price": "2.49", "Image": "https://assets.shop.loblaws.ca/products/21358407/b1/en/front/21358407_front_a01_@2.png", "Brand": "Oreo", "Url": "https://www.maxi.ca/oreo-original-cookies/p/21358407_EA", "Sub Category": null, "English Name": "Oreo Original Cookies", "Size": "270 g", "Size Label": "ea"}, {"Category": "Crackers & Cookies", "Aisle": "Snacks, Chips & Candy", "Sku": "21547034_EA", "Regular Price": "None", "Sale Price": "3.49", "Image": "https://assets.shop.loblaws.ca/products/21547034/b1/en/front/21547034_front_a01_@2.png", "Brand": "Ritz", "Url": "https://www.maxi.ca/original-crackers/p/21547034_EA", "Sub Category": null, "English Name": "Original Crackers", "Size": "180 g", "Size Label": "ea"}, {"Category": "Crackers & Cookies", "Aisle": "Snacks, Chips & Candy", "Sku": "21080791_EA", "Regular Price": "2.99", "Sale Price": "2.49", "Image": "https://assets.shop.loblaws.ca/products/21080791/b1/en/front/21080791_front_a01_@2.png", "Brand": "Dare", "Url": "https://www.maxi.ca/bear-paws-chocolate-chip-cookies/p/21080791_EA", "Sub Category": null, "English Name": "Bear Paws Chocolate Chip Cookies", "Size": "240 g", "Size Label": "ea"}, {"Category": "Crackers & Cookies", "Aisle": "Snacks, Chips & Candy", "Sku": "21109004_EA", "Regular Price": "None", "Sale Price": "4.99", "Image": "https://assets.shop.loblaws.ca/products/21109004/b1/en/front/21109004_front_a01_@2.png", "Brand": "Christie", "Url": "https://www.maxi.ca/premium-plus-salted-crackers/p/21109004_EA", "Sub Category": null, "English Name": "Premium Plus Salted Crackers", "Size": "450 g", "Size Label": "ea"}, {"Category": "Crackers & Cookies", "Aisle": "Snacks, Chips & Candy", "Sku": "20965372_EA", "Regular Price": "None", "Sale Price": "2.49", "Image": "https://assets.shop.loblaws.ca/products/20965372/b1/en/front/20965372_front_a01_@2.png", "Brand": "Leclerc", "Url": "https://www.maxi.ca/celebration-milk-chocolate-butter-cookies/p/20965372_EA", "Sub Category": null, "English Name": "Celebration Milk Chocolate Butter Cookies", "Size": "240 g", "Size Label": "ea"}, {"Category": "Crackers & Cookies", "Aisle": "Snacks, Chips & Candy", "Sku": "20306994003_EA", "Regular Price": "2.49", "Sale Price": "2.29", "Image": "https://assets.shop.loblaws.ca/products/20306994003/b1/en/front/20306994003_front_a01_@2.png", "Brand": "Pepperidge Farm", "Url": "https://www.maxi.ca/goldfish-colours/p/20306994003_EA", "Sub Category": null, "English Name": "Goldfish  Colours", "Size": "180 g", "Size Label": "ea"}, {"Category": "Crackers & Cookies", "Aisle": "Snacks, Chips & Candy", "Sku": "20311777002_EA", "Regular Price": "None", "Sale Price": "3.49", "Image": "https://assets.shop.loblaws.ca/products/20311777002/b1/en/front/20311777002_front_a01_@2.png", "Brand": "Christie", "Url": "https://www.maxi.ca/oreo-snak-pak-cookies/p/20311777002_EA", "Sub Category": null, "English Name": "Oreo Snak Pak Cookies", "Size": "180 g", "Size Label": "ea"}, {"Category": "Crackers & Cookies", "Aisle": "Snacks, Chips & Candy", "Sku": "20686003_EA", "Regular Price": "None", "Sale Price": "3.49", "Image": "https://assets.shop.loblaws.ca/products/20686003/b1/en/front/20686003_front_a01_@2.png", "Brand": "Christie", "Url": "https://www.maxi.ca/cheese-crackers/p/20686003_EA", "Sub Category": null, "English Name": "Cheese Crackers", "Size": "180 g", "Size Label": "ea"}, {"Category": "Crackers & Cookies", "Aisle": "Snacks, Chips & Candy", "Sku": "20612257_EA", "Regular Price": "None", "Sale Price": "2.99", "Image": "https://assets.shop.loblaws.ca/products/20612257/b1/en/front/20612257_front_a01_@2.png", "Brand": "President's Choice", "Url": "https://www.maxi.ca/the-decadent-chocolate-chip-cookie/p/20612257_EA", "Sub Category": null, "English Name": "The Decadent Chocolate Chip Cookie", "Size": "300 g", "Size Label": "ea"}, {"Category": "Crackers & Cookies", "Aisle": "Snacks, Chips & Candy", "Sku": "21361508_EA", "Regular Price": "None", "Sale Price": "2.49", "Image": "https://assets.shop.loblaws.ca/products/21361508/b1/en/front/21361508_front_a01_@2.png", "Brand": "Christie", "Url": "https://www.maxi.ca/chips-ahoy-original-cookies/p/21361508_EA", "Sub Category": null, "English Name": "Chips Ahoy! Original Cookies", "Size": "258 g", "Size Label": "ea"}, {"Category": "Crackers & Cookies", "Aisle": "Snacks, Chips & Candy", "Sku": "20106374_EA", "Regular Price": "None", "Sale Price": "3.49", "Image": "https://assets.shop.loblaws.ca/products/20106374/b1/en/front/20106374_front_a01_@2.png", "Brand": "Christie", "Url": "https://www.maxi.ca/ritz-crackers-cheese-snackwiches/p/20106374_EA", "Sub Category": null, "English Name": "Ritz Crackers, Cheese Snackwiches", "Size": "304 g", "Size Label": "ea"}, {"Category": "Crackers & Cookies", "Aisle": "Snacks, Chips & Candy", "Sku": "21080779_EA", "Regular Price": "2.99", "Sale Price": "2.49", "Image": "https://assets.shop.loblaws.ca/products/21080779/b1/en/front/21080779_front_a01_@2.png", "Brand": "Dare", "Url": "https://www.maxi.ca/bear-paws-banana-bread-cookies/p/21080779_EA", "Sub Category": null, "English Name": "Bear Paws Banana Bread Cookies", "Size": "240 g", "Size Label": "ea"}, {"Category": "Crackers & Cookies", "Aisle": "Snacks, Chips & Candy", "Sku": "20311777001_EA", "Regular Price": "None", "Sale Price": "3.49", "Image": "https://assets.shop.loblaws.ca/products/20311777001/b1/en/front/20311777001_front_a01_@2.png", "Brand": "Christie", "Url": "https://www.maxi.ca/chips-ahoy-snak-pak-cookies/p/20311777001_EA", "Sub Category": null, "English Name": "Chips Ahoy! Snak Pak Cookies", "Size": "180 g", "Size Label": "ea"}, {"Category": "Crackers & Cookies", "Aisle": "Snacks, Chips & Candy", "Sku": "21030647_EA", "Regular Price": "None", "Sale Price": "3.49", "Image": "https://assets.shop.loblaws.ca/products/21030647/b1/en/front/21030647_front_a01_@2.png", "Brand": "Christie", "Url": "https://www.maxi.ca/triscuit-original-crackers/p/21030647_EA", "Sub Category": null, "English Name": "Triscuit Original Crackers", "Size": "200 g", "Size Label": "ea"}, {"Category": "Crackers & Cookies", "Aisle": "Snacks, Chips & Candy", "Sku": "20948940_EA", "Regular Price": "None", "Sale Price": "4.49", "Image": "https://assets.shop.loblaws.ca/products/20948940/b1/en/front/20948940_front_a01_@2.png", "Brand": "The Snack Factory", "Url": "https://www.maxi.ca/pretzel-crisps-original/p/20948940_EA", "Sub Category": null, "English Name": "Pretzel Crisps, Original", "Size": "200 g", "Size Label": "ea"}, {"Category": "Crackers & Cookies", "Aisle": "Snacks, Chips & Candy", "Sku": "21358333_EA", "Regular Price": "None", "Sale Price": "2.29", "Image": "https://assets.shop.loblaws.ca/products/21358333/b1/en/front/21358333_front_a01_@2.png", "Brand": "Christie", "Url": "https://www.maxi.ca/all-dressed-crackers-school-snacks/p/21358333_EA", "Sub Category": null, "English Name": "All Dressed Crackers, School Snacks", "Size": "145 g", "Size Label": "ea"}, {"Category": "Crackers & Cookies", "Aisle": "Snacks, Chips & Candy", "Sku": "21358406_EA", "Regular Price": "None", "Sale Price": "2.49", "Image": "https://assets.shop.loblaws.ca/products/21358406/b1/en/front/21358406_front_a01_@2.png", "Brand": "Oreo", "Url": "https://www.maxi.ca/oreo-chocolate-sandwich-cookies-double-stuf/p/21358406_EA", "Sub Category": null, "English Name": "Oreo Chocolate Sandwich Cookies Double Stuf", "Size": "261 g", "Size Label": "ea"}, {"Category": "Crackers & Cookies", "Aisle": "Snacks, Chips & Candy", "Sku": "21214560_EA", "Regular Price": "None", "Sale Price": "3.39", "Image": "https://assets.shop.loblaws.ca/products/21214560/b1/en/front/21214560_front_a01_@2.png", "Brand": "Cheez-It", "Url": "https://www.maxi.ca/baked-original-snack-crackers/p/21214560_EA", "Sub Category": null, "English Name": "Baked Original Snack Crackers   ", "Size": "200 g", "Size Label": "ea"}, {"Category": "Crackers & Cookies", "Aisle": "Snacks, Chips & Candy", "Sku": "21080777_EA", "Regular Price": "2.99", "Sale Price": "2.49", "Image": "https://assets.shop.loblaws.ca/products/21080777/b1/en/front/21080777_front_a01_@2.png", "Brand": "Dare", "Url": "https://www.maxi.ca/bear-paws-brownie-cookies/p/21080777_EA", "Sub Category": null, "English Name": "Bear Paws Brownie Cookies", "Size": "240 g", "Size Label": "ea"}, {"Category": "Crackers & Cookies", "Aisle": "Snacks, Chips & Candy", "Sku": "20545560_EA", "Regular Price": "2.49", "Sale Price": "2.29", "Image": "https://assets.shop.loblaws.ca/products/20545560/b1/en/front/20545560_front_a01_@2.png", "Brand": "Pepperidge Farm", "Url": "https://www.maxi.ca/goldfish-flavour-blasted-xtreme-cheddar/p/20545560_EA", "Sub Category": null, "English Name": "Goldfish  Flavour Blasted  Xtreme Cheddar", "Size": "180 g", "Size Label": "ea"}, {"Category": "Crackers & Cookies", "Aisle": "Snacks, Chips & Candy", "Sku": "20322719_EA", "Regular Price": "3.49", "Sale Price": "2.29", "Image": "https://assets.shop.loblaws.ca/products/20322719/b1/en/front/20322719_front_a01_@2.png", "Brand": "Pepperidge Farm", "Url": "https://www.maxi.ca/goldfish-cheddar-6-pack/p/20322719_EA", "Sub Category": null, "English Name": "Goldfish Cheddar (6 Pack)", "Size": "6x28.0 g", "Size Label": "ea"}, {"Category": "Crackers & Cookies", "Aisle": "Snacks, Chips & Candy", "Sku": "21014107_EA", "Regular Price": "2.99", "Sale Price": "2.49", "Image": "https://assets.shop.loblaws.ca/products/21014107/b1/en/front/21014107_front_a01_@2.png", "Brand": "Dare", "Url": "https://www.maxi.ca/bear-paws-birthday-cake-cookies/p/21014107_EA", "Sub Category": null, "English Name": "Bear Paws Birthday Cake Cookies", "Size": "168 g", "Size Label": "ea"}, {"Category": "Crackers & Cookies", "Aisle": "Snacks, Chips & Candy", "Sku": "21547049_EA", "Regular Price": "None", "Sale Price": "3.49", "Image": "https://assets.shop.loblaws.ca/products/21547049/b1/en/front/21547049_front_a01_@2.png", "Brand": "Wheat Thins", "Url": "https://www.maxi.ca/original-crackers/p/21547049_EA", "Sub Category": null, "English Name": "Original Crackers", "Size": "180 g", "Size Label": "ea"}, {"Category": "Crackers & Cookies", "Aisle": "Snacks, Chips & Candy", "Sku": "20795392_EA", "Regular Price": "None", "Sale Price": "3.29", "Image": "https://assets.shop.loblaws.ca/products/20795392/b1/en/front/20795392_front_a01_@2.png", "Brand": "No Name", "Url": "https://www.maxi.ca/salted-tops-soda-crackers/p/20795392_EA", "Sub Category": null, "English Name": "Salted Tops Soda Crackers", "Size": "454 g", "Size Label": "ea"}, {"Category": "Crackers & Cookies", "Aisle": "Snacks, Chips & Candy", "Sku": "20603888003_EA", "Regular Price": "None", "Sale Price": "3.29", "Image": "https://assets.shop.loblaws.ca/products/20603888003/b1/en/front/20603888003_front_a01_@2.png", "Brand": "President's Choice", "Url": "https://www.maxi.ca/sea-salt-crackers/p/20603888003_EA", "Sub Category": null, "English Name": "Sea Salt Crackers", "Size": "185 g", "Size Label": "ea"}, {"Category": "Crackers & Cookies", "Aisle": "Snacks, Chips & Candy", "Sku": "20853797001_EA", "Regular Price": "None", "Sale Price": "2.49", "Image": "https://assets.shop.loblaws.ca/products/20853797001/b1/en/front/20853797001_front_a01_@2.png", "Brand": "Leclerc", "Url": "https://www.maxi.ca/celebration-caramel-milk-chocolate-cookies/p/20853797001_EA", "Sub Category": null, "English Name": "Celebration Caramel Milk Chocolate Cookies", "Size": "240 g", "Size Label": "ea"}, {"Category": "Crackers & Cookies", "Aisle": "Snacks, Chips & Candy", "Sku": "21361512_EA", "Regular Price": "None", "Sale Price": "2.49", "Image": "https://assets.shop.loblaws.ca/products/21361512/b1/en/front/21361512_front_a01_@2.png", "Brand": "Christie", "Url": "https://www.maxi.ca/chips-ahoy-chewy-cookies/p/21361512_EA", "Sub Category": null, "English Name": "Chips Ahoy! Chewy Cookies", "Size": "271 g", "Size Label": "ea"}, {"Category": "Crackers & Cookies", "Aisle": "Snacks, Chips & Candy", "Sku": "21547048_EA", "Regular Price": "None", "Sale Price": "3.49", "Image": "https://assets.shop.loblaws.ca/products/21547048/b1/en/front/21547048_front_a01_@2.png", "Brand": "Wheat Thins", "Url": "https://www.maxi.ca/multigrain-crackers/p/21547048_EA", "Sub Category": null, "English Name": "Multigrain Crackers", "Size": "180 g", "Size Label": "ea"}, {"Category": "Crackers & Cookies", "Aisle": "Snacks, Chips & Candy", "Sku": "21214559_EA", "Regular Price": "None", "Sale Price": "3.39", "Image": "https://assets.shop.loblaws.ca/products/21214559/b1/en/front/21214559_front_a01_@2.png", "Brand": "Cheez-It", "Url": "https://www.maxi.ca/crunch-sharp-white-cheddar-baked-snack-crackers/p/21214559_EA", "Sub Category": null, "English Name": "Crunch, Sharp White Cheddar, Baked Snack Crackers", "Size": "191 g", "Size Label": "ea"}, {"Category": "Crackers & Cookies", "Aisle": "Snacks, Chips & Candy", "Sku": "21023024_EA", "Regular Price": "None", "Sale Price": "3.29", "Image": "https://assets.shop.loblaws.ca/products/21023024/b1/en/front/21023024_front_a01_@2.png", "Brand": "Christie", "Url": "https://www.maxi.ca/good-thins-rice-crackers-simply-salt/p/21023024_EA", "Sub Category": null, "English Name": "Good Thins Rice Crackers, Simply Salt", "Size": "100 g", "Size Label": "ea"}, {"Category": "Crackers & Cookies", "Aisle": "Snacks, Chips & Candy", "Sku": "20603888002_EA", "Regular Price": "None", "Sale Price": "3.29", "Image": "https://assets.shop.loblaws.ca/products/20603888002/b1/en/front/20603888002_front_a01_@2.png", "Brand": "President's Choice", "Url": "https://www.maxi.ca/rosemary-crackers/p/20603888002_EA", "Sub Category": null, "English Name": "Rosemary Crackers", "Size": "185 g", "Size Label": "ea"}, {"Category": "Crackers & Cookies", "Aisle": "Snacks, Chips & Candy", "Sku": "21362264_EA", "Regular Price": "None", "Sale Price": "2.49", "Image": "https://assets.shop.loblaws.ca/products/21362264/b1/en/front/21362264_front_a01_@2.png", "Brand": "Christie", "Url": "https://www.maxi.ca/chips-ahoy-rainbow-cookies/p/21362264_EA", "Sub Category": null, "English Name": "Chips Ahoy! Rainbow Cookies", "Size": "258 g", "Size Label": "ea"}, {"Category": "Crackers & Cookies", "Aisle": "Snacks, Chips & Candy", "Sku": "20970524_EA", "Regular Price": "None", "Sale Price": "2.49", "Image": "https://assets.shop.loblaws.ca/products/20970524/b1/en/front/20970524_front_a01_@2.png", "Brand": "Dare", "Url": "https://www.maxi.ca/bear-paws-scare-paws-cookies/p/20970524_EA", "Sub Category": null, "English Name": "Bear Paws Scare Paws Cookies", "Size": "240 g", "Size Label": "ea"}, {"Category": "Crackers & Cookies", "Aisle": "Snacks, Chips & Candy", "Sku": "20032311003_EA", "Regular Price": "2.49", "Sale Price": "2.29", "Image": "https://assets.shop.loblaws.ca/products/20032311003/b1/en/front/20032311003_front_a01_@2.png", "Brand": "Pepperidge Farm", "Url": "https://www.maxi.ca/goldfish-cheese-trio/p/20032311003_EA", "Sub Category": null, "English Name": "Goldfish  Cheese Trio", "Size": "200 g", "Size Label": "ea"}, {"Category": "Crackers & Cookies", "Aisle": "Snacks, Chips & Candy", "Sku": "21547047_EA", "Regular Price": "None", "Sale Price": "3.49", "Image": "https://assets.shop.loblaws.ca/products/21547047/b1/en/front/21547047_front_a01_@2.png", "Brand": "Wheat Thins", "Url": "https://www.maxi.ca/variety-cookie-cracker-mix/p/21547047_EA", "Sub Category": null, "English Name": "Variety Cookie Cracker Mix", "Size": "180 g", "Size Label": "ea"}, {"Category": "Crackers & Cookies", "Aisle": "Snacks, Chips & Candy", "Sku": "20612260_EA", "Regular Price": "3.99", "Sale Price": "2.99", "Image": "https://assets.shop.loblaws.ca/products/20612260/b1/en/front/20612260_front_a01_@2.png", "Brand": "President's Choice", "Url": "https://www.maxi.ca/the-decadent-chocolate-chunk-cookie/p/20612260_EA", "Sub Category": null, "English Name": "The Decadent Chocolate Chunk Cookie", "Size": "300 g", "Size Label": "ea"}, {"Category": "Crackers & Cookies", "Aisle": "Snacks, Chips & Candy", "Sku": "21358273_EA", "Regular Price": "None", "Sale Price": "2.29", "Image": "https://assets.shop.loblaws.ca/products/21358273/b1/en/front/21358273_front_a01_@2.png", "Brand": "Christie", "Url": "https://www.maxi.ca/crispers-salt-and-vinegar-crackers/p/21358273_EA", "Sub Category": null, "English Name": "Crispers Salt And Vinegar Crackers", "Size": "145 g", "Size Label": "ea"}, {"Category": "Crackers & Cookies", "Aisle": "Snacks, Chips & Candy", "Sku": "21124906_EA", "Regular Price": "None", "Sale Price": "4.99", "Image": "https://assets.shop.loblaws.ca/products/21124906/b1/en/front/21124906_front_a01_@2.png", "Brand": "Ryvita", "Url": "https://www.maxi.ca/thins-three-cheese-flatbreads/p/21124906_EA", "Sub Category": null, "English Name": "Thins Three Cheese Flatbreads", "Size": "125 g", "Size Label": "ea"}, {"Category": "Crackers & Cookies", "Aisle": "Snacks, Chips & Candy", "Sku": "21237400_EA", "Regular Price": "None", "Sale Price": "2.49", "Image": "https://assets.shop.loblaws.ca/products/21237400/b1/en/front/21237400_front_a01_@2.png", "Brand": "Dare", "Url": "https://www.maxi.ca/normandie-shortbread-cookies/p/21237400_EA", "Sub Category": null, "English Name": "Normandie Shortbread Cookies", "Size": "280 g", "Size Label": "ea"}, {"Category": "Crackers & Cookies", "Aisle": "Snacks, Chips & Candy", "Sku": "20612256_EA", "Regular Price": "None", "Sale Price": "6.79", "Image": "https://assets.shop.loblaws.ca/products/20612256/b1/en/front/20612256_front_a01_@2.png", "Brand": "President's Choice", "Url": "https://www.maxi.ca/the-decadent-chocolate-chip-cookie/p/20612256_EA", "Sub Category": null, "English Name": "The Decadent Chocolate Chip Cookie ", "Size": "500 g", "Size Label": "ea"}, {"Category": "Crackers & Cookies", "Aisle": "Snacks, Chips & Candy", "Sku": "20795290_EA", "Regular Price": "None", "Sale Price": "5.99", "Image": "https://assets.shop.loblaws.ca/products/20795290/b1/en/front/20795290_front_a01_@2.png", "Brand": "No Name", "Url": "https://www.maxi.ca/salted-tops-soda-crackers/p/20795290_EA", "Sub Category": null, "English Name": "Salted Tops Soda Crackers", "Size": "907 g", "Size Label": "ea"}, {"Category": "Crackers & Cookies", "Aisle": "Snacks, Chips & Candy", "Sku": "20315935005_EA", "Regular Price": "None", "Sale Price": "3.99", "Image": "https://assets.shop.loblaws.ca/products/20315935005/b1/en/front/20315935005_front_a01_@2.png", "Brand": "Voortman", "Url": "https://www.maxi.ca/strawberry-wafers-no-sugar-added/p/20315935005_EA", "Sub Category": null, "English Name": "Strawberry Wafers, No Sugar Added", "Size": "250 g", "Size Label": "ea"}, {"Category": "Crackers & Cookies", "Aisle": "Snacks, Chips & Candy", "Sku": "20321447001_EA", "Regular Price": "None", "Sale Price": "3.29", "Image": "https://assets.shop.loblaws.ca/products/20321447001/b1/en/front/20321447001_front_a01_@2.png", "Brand": "Loacker", "Url": "https://www.maxi.ca/wafer-hazelnut/p/20321447001_EA", "Sub Category": null, "English Name": "Wafer, Hazelnut", "Size": "175 g", "Size Label": "ea"}, {"Category": "Crackers & Cookies", "Aisle": "Snacks, Chips & Candy", "Sku": "20315935011_EA", "Regular Price": "None", "Sale Price": "3.99", "Image": "https://assets.shop.loblaws.ca/products/20315935011/b1/en/front/20315935011_front_a01_@2.png", "Brand": "Voortman", "Url": "https://www.maxi.ca/oatmeal-cookies-no-sugar-added/p/20315935011_EA", "Sub Category": null, "English Name": "Oatmeal Cookies, No Sugar Added", "Size": "225 g", "Size Label": "ea"}, {"Category": "Crackers & Cookies", "Aisle": "Snacks, Chips & Candy", "Sku": "20012532_EA", "Regular Price": "None", "Sale Price": "10.49", "Image": "https://assets.shop.loblaws.ca/products/20012532/b1/en/front/20012532_front_a01_@2.png", "Brand": "Christie", "Url": "https://www.maxi.ca/ritz-original-crackers/p/20012532_EA", "Sub Category": null, "English Name": "Ritz Original Crackers", "Size": "900 g", "Size Label": "ea"}, {"Category": "Crackers & Cookies", "Aisle": "Snacks, Chips & Candy", "Sku": "21214558_EA", "Regular Price": "None", "Sale Price": "3.39", "Image": "https://assets.shop.loblaws.ca/products/21214558/b1/en/front/21214558_front_a01_@2.png", "Brand": "Cheez-It", "Url": "https://www.maxi.ca/hot-spicy-baked-snack-crackers/p/21214558_EA", "Sub Category": null, "English Name": "Hot & Spicy, Baked Snack Crackers ", "Size": "200 g", "Size Label": "ea"}, {"Category": "Crackers & Cookies", "Aisle": "Snacks, Chips & Candy", "Sku": "20538543001_EA", "Regular Price": "None", "Sale Price": "2.50", "Image": "https://assets.shop.loblaws.ca/products/20538543001/b1/en/front/20538543001_front_a01_@2.png", "Brand": "President's Choice", "Url": "https://www.maxi.ca/black-olive-swiss-sticks/p/20538543001_EA", "Sub Category": null, "English Name": "Black Olive Swiss Sticks", "Size": "100 g", "Size Label": "ea"}, {"Category": "Crackers & Cookies", "Aisle": "Snacks, Chips & Candy", "Sku": "20324236002_EA", "Regular Price": "None", "Sale Price": "2.49", "Image": "https://assets.shop.loblaws.ca/products/20324236002/b1/en/front/20324236002_front_a01_@2.png", "Brand": "Leclerc", "Url": "https://www.maxi.ca/tradition-1905-petit-beurre/p/20324236002_EA", "Sub Category": null, "English Name": "Tradition 1905 Petit Beurre", "Size": "300 g", "Size Label": "ea"}, {"Category": "Crackers & Cookies", "Aisle": "Snacks, Chips & Candy", "Sku": "21236917_EA", "Regular Price": "None", "Sale Price": "4.99", "Image": "https://assets.shop.loblaws.ca/products/21236917/b1/en/front/21236917_front_a01_@2.png", "Brand": "Christie", "Url": "https://www.maxi.ca/oreo-mega-stuff-cookies/p/21236917_EA", "Sub Category": null, "English Name": "Oreo Mega Stuff Cookies", "Size": "374 g", "Size Label": "ea"}, {"Category": "Crackers & Cookies", "Aisle": "Snacks, Chips & Candy", "Sku": "20795391_EA", "Regular Price": "None", "Sale Price": "3.29", "Image": "https://assets.shop.loblaws.ca/products/20795391/b1/en/front/20795391_front_a01_@2.png", "Brand": "No Name", "Url": "https://www.maxi.ca/plain-tops-soda-crackers/p/20795391_EA", "Sub Category": null, "English Name": "Plain Tops Soda Crackers", "Size": "454 g", "Size Label": "ea"}, {"Category": "Crackers & Cookies", "Aisle": "Snacks, Chips & Candy", "Sku": "21520682_EA", "Regular Price": "None", "Sale Price": "3.49", "Image": "https://assets.shop.loblaws.ca/products/21520682/b1/en/front/21520682_front_a01_@2.png", "Brand": "Dare", "Url": "https://www.maxi.ca/breton-garden-vegetable-crackers/p/21520682_EA", "Sub Category": null, "English Name": "Breton Garden Vegetable Crackers", "Size": "200 g", "Size Label": "ea"}, {"Category": "Crackers & Cookies", "Aisle": "Snacks, Chips & Candy", "Sku": "20965242_EA", "Regular Price": "None", "Sale Price": "2.49", "Image": "https://assets.shop.loblaws.ca/products/20965242/b1/en/front/20965242_front_a01_@2.png", "Brand": "Leclerc", "Url": "https://www.maxi.ca/celebration-wafers-vanilla/p/20965242_EA", "Sub Category": null, "English Name": "Celebration Wafers, Vanilla", "Size": "240 g", "Size Label": "ea"}, {"Category": "Crackers & Cookies", "Aisle": "Snacks, Chips & Candy", "Sku": "20306994002_EA", "Regular Price": "2.49", "Sale Price": "2.29", "Image": "https://assets.shop.loblaws.ca/products/20306994002/b1/en/front/20306994002_front_a01_@2.png", "Brand": "Pepperidge Farm", "Url": "https://www.maxi.ca/goldfish-pretzel/p/20306994002_EA", "Sub Category": null, "English Name": "Goldfish  Pretzel", "Size": "227 g", "Size Label": "ea"}, {"Category": "Crackers & Cookies", "Aisle": "Snacks, Chips & Candy", "Sku": "20700311_EA", "Regular Price": "None", "Sale Price": "3.29", "Image": "https://assets.shop.loblaws.ca/products/20700311/b1/en/front/20700311_front_a01_@2.png", "Brand": "Voortman", "Url": "https://www.maxi.ca/lemon-wafers/p/20700311_EA", "Sub Category": null, "English Name": "Lemon Wafers", "Size": "300 g", "Size Label": "ea"}, {"Category": "Crackers & Cookies", "Aisle": "Snacks, Chips & Candy", "Sku": "21434498_EA", "Regular Price": "None", "Sale Price": "4.49", "Image": "https://assets.shop.loblaws.ca/products/21434498/b1/en/front/21434498_front_a01_@2.png", "Brand": "The Snack Factory", "Url": "https://www.maxi.ca/pretzel-crisps-bold-spicy-buffalo-wing/p/21434498_EA", "Sub Category": null, "English Name": "Pretzel Crisps Bold & Spicy Buffalo Wing", "Size": "200 g", "Size Label": "ea"}, {"Category": "Crackers & Cookies", "Aisle": "Snacks, Chips & Candy", "Sku": "21236874_EA", "Regular Price": "None", "Sale Price": "2.49", "Image": "https://assets.shop.loblaws.ca/products/21236874/b1/en/front/21236874_front_a01_@2.png", "Brand": "Dare", "Url": "https://www.maxi.ca/meteo-caramel-cookies/p/21236874_EA", "Sub Category": null, "English Name": "Meteo Caramel Cookies", "Size": "280 g", "Size Label": "ea"}, {"Category": "Crackers & Cookies", "Aisle": "Snacks, Chips & Candy", "Sku": "21520666_EA", "Regular Price": "None", "Sale Price": "3.49", "Image": "https://assets.shop.loblaws.ca/products/21520666/b1/en/front/21520666_front_a01_@2.png", "Brand": "Dare", "Url": "https://www.maxi.ca/breton-original-crackers/p/21520666_EA", "Sub Category": null, "English Name": "Breton Original Crackers", "Size": "200 g", "Size Label": "ea"}, {"Category": "Crackers & Cookies", "Aisle": "Snacks, Chips & Candy", "Sku": "21531180_EA", "Regular Price": "None", "Sale Price": "2.49", "Image": "https://assets.shop.loblaws.ca/products/21531180/b1/en/front/21531180_front_a01_@2.png", "Brand": "Leclerc", "Url": "https://www.maxi.ca/butter-cookies-vanilla-truffle-halloween-limited-e/p/21531180_EA", "Sub Category": null, "English Name": "Butter Cookies Vanilla Truffle Halloween Limited Edition", "Size": "240 g", "Size Label": "ea"}, {"Category": "Crackers & Cookies", "Aisle": "Snacks, Chips & Candy", "Sku": "21033176_EA", "Regular Price": "None", "Sale Price": "3.99", "Image": "https://assets.shop.loblaws.ca/products/21033176/b1/en/front/21033176_front_a01_@2.png", "Brand": "Grissol", "Url": "https://www.maxi.ca/baguettes-tomato-and-basil/p/21033176_EA", "Sub Category": null, "English Name": "Baguettes Tomato and Basil", "Size": "120 g", "Size Label": "ea"}, {"Category": "Crackers & Cookies", "Aisle": "Snacks, Chips & Candy", "Sku": "20278802001_EA", "Regular Price": "None", "Sale Price": "3.29", "Image": "https://assets.shop.loblaws.ca/products/20278802001/b1/en/front/20278802001_front_a01_@2.png", "Brand": "Voortman", "Url": "https://www.maxi.ca/wafers-vanilla/p/20278802001_EA", "Sub Category": null, "English Name": "Wafers, Vanilla", "Size": "300 g", "Size Label": "ea"}, {"Category": "Crackers & Cookies", "Aisle": "Snacks, Chips & Candy", "Sku": "21032648_EA", "Regular Price": "None", "Sale Price": "3.49", "Image": "https://assets.shop.loblaws.ca/products/21032648/b1/en/front/21032648_front_a01_@2.png", "Brand": "Christie", "Url": "https://www.maxi.ca/triscuit-crackers-low-sodium/p/21032648_EA", "Sub Category": null, "English Name": "Triscuit Crackers, Low Sodium", "Size": "200 g", "Size Label": "ea"}, {"Category": "Crackers & Cookies", "Aisle": "Snacks, Chips & Candy", "Sku": "20308392001_EA", "Regular Price": "None", "Sale Price": "3.99", "Image": "https://assets.shop.loblaws.ca/products/20308392001/b1/en/front/20308392001_front_a01_@2.png", "Brand": "Grissol", "Url": "https://www.maxi.ca/melba-canap-12-grain/p/20308392001_EA", "Sub Category": null, "English Name": "Melba Canap\u00e9 12 Grain", "Size": "150 g", "Size Label": "ea"}, {"Category": "Crackers & Cookies", "Aisle": "Snacks, Chips & Candy", "Sku": "21547029_EA", "Regular Price": "None", "Sale Price": "3.49", "Image": "https://assets.shop.loblaws.ca/products/21547029/b1/en/front/21547029_front_a01_@2.png", "Brand": "Ritz", "Url": "https://www.maxi.ca/cheese-bits-cheddar/p/21547029_EA", "Sub Category": null, "English Name": "Cheese Bits, Cheddar", "Size": "180 g", "Size Label": "ea"}, {"Category": "Crackers & Cookies", "Aisle": "Snacks, Chips & Candy", "Sku": "20802798003_EA", "Regular Price": "None", "Sale Price": "2.99", "Image": "https://assets.shop.loblaws.ca/products/20802798003/b1/en/front/20802798003_front_a01_@2.png", "Brand": "President's Choice", "Url": "https://www.maxi.ca/extra-cheesy-little-penguins/p/20802798003_EA", "Sub Category": null, "English Name": "Extra Cheesy Little Penguins", "Size": "200 g", "Size Label": "ea"}, {"Category": "Crackers & Cookies", "Aisle": "Snacks, Chips & Candy", "Sku": "21109007_EA", "Regular Price": "None", "Sale Price": "8.49", "Image": "https://assets.shop.loblaws.ca/products/21109007/b1/en/front/21109007_front_a01_@2.png", "Brand": "Christie", "Url": "https://www.maxi.ca/premium-plus-salted-crackers/p/21109007_EA", "Sub Category": null, "English Name": "Premium Plus Salted Crackers", "Size": "900 g", "Size Label": "ea"}, {"Category": "Crackers & Cookies", "Aisle": "Snacks, Chips & Candy", "Sku": "20612259_EA", "Regular Price": "None", "Sale Price": "6.79", "Image": "https://assets.shop.loblaws.ca/products/20612259/b1/en/front/20612259_front_a01_@2.png", "Brand": "President's Choice", "Url": "https://www.maxi.ca/the-decadent-chocolate-chunk-cookies/p/20612259_EA", "Sub Category": null, "English Name": "The Decadent Chocolate Chunk Cookies", "Size": "500 g", "Size Label": "ea"}, {"Category": "Crackers & Cookies", "Aisle": "Snacks, Chips & Candy", "Sku": "21522138_EA", "Regular Price": "None", "Sale Price": "3.99", "Image": "https://assets.shop.loblaws.ca/products/21522138/b1/en/front/21522138_front_a01_@2.png", "Brand": "Voortman", "Url": "https://www.maxi.ca/mini-cookies-iced-oatmeal-cookies/p/21522138_EA", "Sub Category": null, "English Name": "Mini Cookies Iced Oatmeal Cookies", "Size": "142 g", "Size Label": "ea"}, {"Category": "Crackers & Cookies", "Aisle": "Snacks, Chips & Candy", "Sku": "20795911_EA", "Regular Price": "None", "Sale Price": "4.29", "Image": "https://assets.shop.loblaws.ca/products/20795911/b1/en/front/20795911_front_a01_@2.png", "Brand": "Peek Freans", "Url": "https://www.maxi.ca/lifestyle-selections-shortcake-cookies/p/20795911_EA", "Sub Category": null, "English Name": "Lifestyle Selections Shortcake Cookies", "Size": "290 g", "Size Label": "ea"}, {"Category": "Crackers & Cookies", "Aisle": "Snacks, Chips & Candy", "Sku": "20945649_EA", "Regular Price": "2.99", "Sale Price": "2.49", "Image": "https://assets.shop.loblaws.ca/products/20945649/b1/en/front/20945649_front_a01_@2.png", "Brand": "Dare", "Url": "https://www.maxi.ca/whippet-sticks-brownie-cookies/p/20945649_EA", "Sub Category": null, "English Name": "Whippet Sticks Brownie Cookies", "Size": "250 g", "Size Label": "ea"}, {"Category": "Crackers & Cookies", "Aisle": "Snacks, Chips & Candy", "Sku": "20185144001_EA", "Regular Price": "None", "Sale Price": "3.29", "Image": "https://assets.shop.loblaws.ca/products/20185144001/b1/en/front/20185144001_front_a01_@2.png", "Brand": "President's Choice", "Url": "https://www.maxi.ca/crisp-thin-vegetable-crackers/p/20185144001_EA", "Sub Category": null, "English Name": "Crisp & Thin Vegetable Crackers", "Size": "225 g", "Size Label": "ea"}, {"Category": "Crackers & Cookies", "Aisle": "Snacks, Chips & Candy", "Sku": "20538543002_EA", "Regular Price": "None", "Sale Price": "2.50", "Image": "https://assets.shop.loblaws.ca/products/20538543002/b1/en/front/20538543002_front_a01_@2.png", "Brand": "President's Choice", "Url": "https://www.maxi.ca/parmesan-cheese-garlic-swiss-sticks/p/20538543002_EA", "Sub Category": null, "English Name": "Parmesan Cheese & Garlic Swiss Sticks", "Size": "100 g", "Size Label": "ea"}, {"Category": "Crackers & Cookies", "Aisle": "Snacks, Chips & Candy", "Sku": "21358327_EA", "Regular Price": "None", "Sale Price": "2.29", "Image": "https://assets.shop.loblaws.ca/products/21358327/b1/en/front/21358327_front_a01_@2.png", "Brand": "Christie", "Url": "https://www.maxi.ca/bbq-crackers-school-snacks/p/21358327_EA", "Sub Category": null, "English Name": "BBQ Crackers, School Snacks", "Size": "145 g", "Size Label": "ea"}, {"Category": "Crackers & Cookies", "Aisle": "Snacks, Chips & Candy", "Sku": "20965366_EA", "Regular Price": "None", "Sale Price": "2.49", "Image": "https://assets.shop.loblaws.ca/products/20965366/b1/en/front/20965366_front_a01_@2.png", "Brand": "Leclerc", "Url": "https://www.maxi.ca/celebration-45-chocolate-butter-cake/p/20965366_EA", "Sub Category": null, "English Name": "Celebration 45% Chocolate Butter Cake", "Size": "240 g", "Size Label": "ea"}, {"Category": "Crackers & Cookies", "Aisle": "Snacks, Chips & Candy", "Sku": "21365678_EA", "Regular Price": "None", "Sale Price": "3.79", "Image": "https://assets.shop.loblaws.ca/products/21365678/b1/en/front/21365678_front_a01_@2.png", "Brand": "Lotus", "Url": "https://www.maxi.ca/cookies-biscoff-small-biscuit-12-x-2-pocket/p/21365678_EA", "Sub Category": null, "English Name": "Cookies, Biscoff Small Biscuit 12 x 2 Pocket", "Size": "186 g", "Size Label": "ea"}, {"Category": "Crackers & Cookies", "Aisle": "Snacks, Chips & Candy", "Sku": "20973368_EA", "Regular Price": "None", "Sale Price": "3.49", "Image": "https://assets.shop.loblaws.ca/products/20973368/b1/en/front/20973368_front_a01_@2.png", "Brand": "Dare", "Url": "https://www.maxi.ca/veggie-crisps-zesty-ranch/p/20973368_EA", "Sub Category": null, "English Name": "Veggie Crisps Zesty Ranch", "Size": "100 g", "Size Label": "ea"}, {"Category": "Crackers & Cookies", "Aisle": "Snacks, Chips & Candy", "Sku": "20299208001_EA", "Regular Price": "None", "Sale Price": "4.29", "Image": "https://assets.shop.loblaws.ca/products/20299208001/b1/en/front/20299208001_front_a01_@2.png", "Brand": "Arnott's", "Url": "https://www.maxi.ca/tim-tam-biscuits-original/p/20299208001_EA", "Sub Category": null, "English Name": "Tim Tam Biscuits, Original", "Size": "200 g", "Size Label": "ea"}, {"Category": "Crackers & Cookies", "Aisle": "Snacks, Chips & Candy", "Sku": "21366673_EA", "Regular Price": "None", "Sale Price": "2.49", "Image": "https://assets.shop.loblaws.ca/products/21366673/b1/en/front/21366673_front_a01_@2.png", "Brand": "Oreo", "Url": "https://www.maxi.ca/oreo-sandwich-cookies-cinnamon-bun/p/21366673_EA", "Sub Category": null, "English Name": "Oreo Sandwich Cookies Cinnamon Bun", "Size": "261 g", "Size Label": "ea"}, {"Category": "Crackers & Cookies", "Aisle": "Snacks, Chips & Candy", "Sku": "21520747_EA", "Regular Price": "None", "Sale Price": "4.99", "Image": "https://assets.shop.loblaws.ca/products/21520747/b1/en/front/21520747_front_a01_@2.png", "Brand": "Oreo", "Url": "https://www.maxi.ca/original-club-pack-cookies/p/21520747_EA", "Sub Category": null, "English Name": "Original Club Pack Cookies", "Size": "439 g", "Size Label": "ea"}, {"Category": "Crackers & Cookies", "Aisle": "Snacks, Chips & Candy", "Sku": "20297541001_EA", "Regular Price": "None", "Sale Price": "3.29", "Image": "https://assets.shop.loblaws.ca/products/20297541001/b1/en/front/20297541001_front_a01_@2.png", "Brand": "Voortman", "Url": "https://www.maxi.ca/wafers-chocolate/p/20297541001_EA", "Sub Category": null, "English Name": "Wafers, Chocolate", "Size": "300 g", "Size Label": "ea"}, {"Category": "Crackers & Cookies", "Aisle": "Snacks, Chips & Candy", "Sku": "21355599_EA", "Regular Price": "None", "Sale Price": "2.49", "Image": "https://assets.shop.loblaws.ca/products/21355599/b1/en/front/21355599_front_a01_@2.png", "Brand": "Leclerc", "Url": "https://www.maxi.ca/c-l-bration-butter-cookies-chocolate-chip/p/21355599_EA", "Sub Category": null, "English Name": "C\u00e9l\u00e9bration Butter Cookies Chocolate Chip ", "Size": "240 g", "Size Label": "ea"}, {"Category": "Crackers & Cookies", "Aisle": "Snacks, Chips & Candy", "Sku": "20939786_EA", "Regular Price": "None", "Sale Price": "2.49", "Image": "https://assets.shop.loblaws.ca/products/20939786/b1/en/front/20939786_front_a01_@2.png", "Brand": "Christie", "Url": "https://www.maxi.ca/oreo-thins-original/p/20939786_EA", "Sub Category": null, "English Name": "Oreo Thins, Original", "Size": "287 g", "Size Label": "ea"}, {"Category": "Crackers & Cookies", "Aisle": "Snacks, Chips & Candy", "Sku": "21302925_EA", "Regular Price": "2.99", "Sale Price": "2.49", "Image": "https://assets.shop.loblaws.ca/products/21302925/b1/en/front/21302925_front_a01_@2.png", "Brand": "President's Choice", "Url": "https://www.maxi.ca/loads-of-cheddar-cheese-crackers/p/21302925_EA", "Sub Category": null, "English Name": "Loads Of Cheddar Cheese Crackers", "Size": "200 g", "Size Label": "ea"}, {"Category": "Crackers & Cookies", "Aisle": "Snacks, Chips & Candy", "Sku": "20501050_EA", "Regular Price": "None", "Sale Price": "3.00", "Image": "https://assets.shop.loblaws.ca/products/20501050/b1/en/front/20501050_front_a01_@2.png", "Brand": "Paris Toasts", "Url": "https://www.maxi.ca/paris-toasts/p/20501050_EA", "Sub Category": null, "English Name": "Paris Toasts", "Size": "80 g", "Size Label": "ea"}, {"Category": "Crackers & Cookies", "Aisle": "Snacks, Chips & Candy", "Sku": "20319949003_EA", "Regular Price": "None", "Sale Price": "3.29", "Image": "https://assets.shop.loblaws.ca/products/20319949003/b1/en/front/20319949003_front_a01_@2.png", "Brand": "Voortman", "Url": "https://www.maxi.ca/turnover-cookie-strawberry/p/20319949003_EA", "Sub Category": null, "English Name": "Turnover Cookie, Strawberry", "Size": "300 g", "Size Label": "ea"}, {"Category": "Crackers & Cookies", "Aisle": "Snacks, Chips & Candy", "Sku": "21358838_EA", "Regular Price": "None", "Sale Price": "2.49", "Image": "https://assets.shop.loblaws.ca/products/21358838/b1/en/front/21358838_front_a01_@2.png", "Brand": "Oreo", "Url": "https://www.maxi.ca/oreo-chocolate-sandwich-cookies-birthday-cake-flav/p/21358838_EA", "Sub Category": null, "English Name": "Oreo Chocolate Sandwich Cookies, Birthday Cake Flavour ", "Size": "261 g", "Size Label": "ea"}, {"Category": "Crackers & Cookies", "Aisle": "Snacks, Chips & Candy", "Sku": "20185144004_EA", "Regular Price": "None", "Sale Price": "3.29", "Image": "https://assets.shop.loblaws.ca/products/20185144004/b1/en/front/20185144004_front_a01_@2.png", "Brand": "President's Choice", "Url": "https://www.maxi.ca/crisp-thin-crackers-with-flax-honey/p/20185144004_EA", "Sub Category": null, "English Name": "Crisp & Thin Crackers with Flax & Honey", "Size": "225 g", "Size Label": "ea"}, {"Category": "Crackers & Cookies", "Aisle": "Snacks, Chips & Candy", "Sku": "20783564_EA", "Regular Price": "2.99", "Sale Price": "2.49", "Image": "https://assets.shop.loblaws.ca/products/20783564/b1/en/front/20783564_front_a01_@2.png", "Brand": "Dare", "Url": "https://www.maxi.ca/whippet-original-cookies/p/20783564_EA", "Sub Category": null, "English Name": "Whippet Original Cookies", "Size": "250 g", "Size Label": "ea"}, {"Category": "Crackers & Cookies", "Aisle": "Snacks, Chips & Candy", "Sku": "20973370_EA", "Regular Price": "None", "Sale Price": "3.49", "Image": "https://assets.shop.loblaws.ca/products/20973370/b1/en/front/20973370_front_a01_@2.png", "Brand": "Dare", "Url": "https://www.maxi.ca/veggie-crisps-sea-salt/p/20973370_EA", "Sub Category": null, "English Name": "Veggie Crisps Sea Salt", "Size": "100 g", "Size Label": "ea"}, {"Category": "Crackers & Cookies", "Aisle": "Snacks, Chips & Candy", "Sku": "20303626_EA", "Regular Price": "None", "Sale Price": "3.49", "Image": "https://assets.shop.loblaws.ca/products/20303626/b1/en/front/20303626_front_a01_@2.png", "Brand": "No Name", "Url": "https://www.maxi.ca/fudge-striped-shortbread-cookies/p/20303626_EA", "Sub Category": null, "English Name": "Fudge-Striped Shortbread Cookies", "Size": "368 g", "Size Label": "ea"}, {"Category": "Crackers & Cookies", "Aisle": "Snacks, Chips & Candy", "Sku": "21109006_EA", "Regular Price": "None", "Sale Price": "8.49", "Image": "https://assets.shop.loblaws.ca/products/21109006/b1/en/front/21109006_front_a01_@2.png", "Brand": "Christie", "Url": "https://www.maxi.ca/premium-plus-unsalted-crackers/p/21109006_EA", "Sub Category": null, "English Name": "Premium Plus Unsalted Crackers", "Size": "900 g", "Size Label": "ea"}, {"Category": "Crackers & Cookies", "Aisle": "Snacks, Chips & Candy", "Sku": "20606356_EA", "Regular Price": "None", "Sale Price": "4.49", "Image": "https://assets.shop.loblaws.ca/products/20606356/b1/en/front/20606356_front_a01_@2.png", "Brand": "No Name", "Url": "https://www.maxi.ca/honey-graham-wafers/p/20606356_EA", "Sub Category": null, "English Name": "Honey Graham Wafers", "Size": "400 g", "Size Label": "ea"}, {"Category": "Crackers & Cookies", "Aisle": "Snacks, Chips & Candy", "Sku": "21508501_EA", "Regular Price": "None", "Sale Price": "10.49", "Image": "https://assets.shop.loblaws.ca/products/21508501/b1/en/front/21508501_front_a01_@2.png", "Brand": "Oreo", "Url": "https://www.maxi.ca/variety-cookies/p/21508501_EA", "Sub Category": null, "English Name": "Variety Cookies", "Size": "482 g", "Size Label": "ea"}, {"Category": "Crackers & Cookies", "Aisle": "Snacks, Chips & Candy", "Sku": "21516364_EA", "Regular Price": "None", "Sale Price": "10.49", "Image": "https://assets.shop.loblaws.ca/products/21516364/b1/en/front/21516364_front_a01_@2.png", "Brand": "Oreo", "Url": "https://www.maxi.ca/original-cookies/p/21516364_EA", "Sub Category": null, "English Name": "Original Cookies", "Size": "440 g", "Size Label": "ea"}, {"Category": "Crackers & Cookies", "Aisle": "Snacks, Chips & Candy", "Sku": "21109001_EA", "Regular Price": "None", "Sale Price": "4.99", "Image": "https://assets.shop.loblaws.ca/products/21109001/b1/en/front/21109001_front_a01_@2.png", "Brand": "Christie", "Url": "https://www.maxi.ca/premium-plus-unsalted-crackers/p/21109001_EA", "Sub Category": null, "English Name": "Premium Plus Unsalted Crackers", "Size": "450 g", "Size Label": "ea"}, {"Category": "Crackers & Cookies", "Aisle": "Snacks, Chips & Candy", "Sku": "21358213_EA", "Regular Price": "2.99", "Sale Price": "2.49", "Image": "https://assets.shop.loblaws.ca/products/21358213/b1/en/front/21358213_front_a01_@2.png", "Brand": "Dare", "Url": "https://www.maxi.ca/bear-paws-veggies-fruits-oatmeal-cookies/p/21358213_EA", "Sub Category": null, "English Name": "Bear Paws Veggies + Fruits Oatmeal Cookies", "Size": "168 g", "Size Label": "ea"}, {"Category": "Crackers & Cookies", "Aisle": "Snacks, Chips & Candy", "Sku": "20132352_EA", "Regular Price": "None", "Sale Price": "3.49", "Image": "https://assets.shop.loblaws.ca/products/20132352/b1/en/front/20132352_front_a01_@2.png", "Brand": "Mr. Cookies", "Url": "https://www.maxi.ca/mr-maple-cookies/p/20132352_EA", "Sub Category": null, "English Name": "Mr. Maple Cookies", "Size": "325 g", "Size Label": "ea"}, {"Category": "Crackers & Cookies", "Aisle": "Snacks, Chips & Candy", "Sku": "21383376_EA", "Regular Price": "None", "Sale Price": "4.99", "Image": "https://assets.shop.loblaws.ca/products/21383376/b1/en/front/21383376_front_a01_@2.png", "Brand": "Dare", "Url": "https://www.maxi.ca/traditions-village-cookies/p/21383376_EA", "Sub Category": null, "English Name": "Traditions Village Cookies", "Size": "535 g", "Size Label": "ea"}, {"Category": "Crackers & Cookies", "Aisle": "Snacks, Chips & Candy", "Sku": "21358213_EA", "Regular Price": "2.99", "Sale Price": "2.49", "Image": "https://assets.shop.loblaws.ca/products/21358213/b1/en/front/21358213_front_a01_@2.png", "Brand": "Dare", "Url": "https://www.maxi.ca/bear-paws-veggies-fruits-oatmeal-cookies/p/21358213_EA", "Sub Category": null, "English Name": "Bear Paws Veggies + Fruits Oatmeal Cookies", "Size": "168 g", "Size Label": "ea"}, {"Category": "Crackers & Cookies", "Aisle": "Snacks, Chips & Candy", "Sku": "20974349_EA", "Regular Price": "2.99", "Sale Price": "2.49", "Image": "https://assets.shop.loblaws.ca/products/20974349/b1/en/front/20974349_front_a01_@2.png", "Brand": "Dare", "Url": "https://www.maxi.ca/ultimate-fudge-chocolate-cookies/p/20974349_EA", "Sub Category": null, "English Name": "Ultimate Fudge Chocolate Cookies", "Size": "290 g", "Size Label": "ea"}, {"Category": "Crackers & Cookies", "Aisle": "Snacks, Chips & Candy", "Sku": "21351516_EA", "Regular Price": "None", "Sale Price": "2.49", "Image": "https://assets.shop.loblaws.ca/products/21351516/b1/en/front/21351516_front_a01_@2.png", "Brand": "Leclerc Tradition", "Url": "https://www.maxi.ca/maple-leaf-cookies/p/21351516_EA", "Sub Category": null, "English Name": "Maple Leaf Cookies", "Size": "350 g", "Size Label": "ea"}, {"Category": "Crackers & Cookies", "Aisle": "Snacks, Chips & Candy", "Sku": "21361517_EA", "Regular Price": "None", "Sale Price": "2.49", "Image": "https://assets.shop.loblaws.ca/products/21361517/b1/en/front/21361517_front_a01_@2.png", "Brand": "Christie", "Url": "https://www.maxi.ca/chips-ahoy-chunks-cookies/p/21361517_EA", "Sub Category": null, "English Name": "Chips Ahoy! Chunks Cookies", "Size": "251 g", "Size Label": "ea"}, {"Category": "Crackers & Cookies", "Aisle": "Snacks, Chips & Candy", "Sku": "21531447_EA", "Regular Price": "None", "Sale Price": "2.49", "Image": "https://assets.shop.loblaws.ca/products/21531447/b1/en/front/21531447_front_a01_@2.png", "Brand": "Dare", "Url": "https://www.maxi.ca/cookies-crunchy-double-chocolate/p/21531447_EA", "Sub Category": null, "English Name": "Cookies Crunchy Double Chocolate", "Size": "240 g", "Size Label": "ea"}, {"Category": "Crackers & Cookies", "Aisle": "Snacks, Chips & Candy", "Sku": "21547021_EA", "Regular Price": "None", "Sale Price": "3.49", "Image": "https://assets.shop.loblaws.ca/products/21547021/b1/en/front/21547021_front_a01_@2.png", "Brand": "Ritz", "Url": "https://www.maxi.ca/swiss-cheese-crackers/p/21547021_EA", "Sub Category": null, "English Name": "Swiss Cheese Crackers", "Size": "180 g", "Size Label": "ea"}, {"Category": "Crackers & Cookies", "Aisle": "Snacks, Chips & Candy", "Sku": "20318678001_EA", "Regular Price": "None", "Sale Price": "4.49", "Image": "https://assets.shop.loblaws.ca/products/20318678001/b1/en/front/20318678001_front_a01_@2.png", "Brand": "No Name", "Url": "https://www.maxi.ca/chocolately-chip-cookies/p/20318678001_EA", "Sub Category": null, "English Name": "Chocolately Chip Cookies", "Size": "907 g", "Size Label": "ea"}, {"Category": "Crackers & Cookies", "Aisle": "Snacks, Chips & Candy", "Sku": "21058121_EA", "Regular Price": "None", "Sale Price": "4.49", "Image": "https://assets.shop.loblaws.ca/products/21058121/b1/en/front/21058121_front_a01_@2.png", "Brand": "Lotus", "Url": "https://www.maxi.ca/biscoff-biscuit/p/21058121_EA", "Sub Category": null, "English Name": "Biscoff Biscuit", "Size": "250 g", "Size Label": "ea"}, {"Category": "Crackers & Cookies", "Aisle": "Snacks, Chips & Candy", "Sku": "21030643_EA", "Regular Price": "None", "Sale Price": "3.49", "Image": "https://assets.shop.loblaws.ca/products/21030643/b1/en/front/21030643_front_a01_@2.png", "Brand": "Christie", "Url": "https://www.maxi.ca/triscuit-cracked-pepper-and-olive-oil-crackers/p/21030643_EA", "Sub Category": null, "English Name": "Triscuit Cracked Pepper And Olive Oil Crackers", "Size": "200 g", "Size Label": "ea"}, {"Category": "Crackers & Cookies", "Aisle": "Snacks, Chips & Candy", "Sku": "21520204_EA", "Regular Price": "2.99", "Sale Price": "2.49", "Image": "https://assets.shop.loblaws.ca/products/21520204/b1/en/front/21520204_front_a01_@2.png", "Brand": "Dare", "Url": "https://www.maxi.ca/bear-paws-maple/p/21520204_EA", "Sub Category": null, "English Name": "Bear Paws, Maple", "Size": "240 g", "Size Label": "ea"}, {"Category": "Crackers & Cookies", "Aisle": "Snacks, Chips & Candy", "Sku": "21109001_EA", "Regular Price": "None", "Sale Price": "4.99", "Image": "https://assets.shop.loblaws.ca/products/21109001/b1/en/front/21109001_front_a01_@2.png", "Brand": "Christie", "Url": "https://www.maxi.ca/premium-plus-unsalted-crackers/p/21109001_EA", "Sub Category": null, "English Name": "Premium Plus Unsalted Crackers", "Size": "450 g", "Size Label": "ea"}, {"Category": "Crackers & Cookies", "Aisle": "Snacks, Chips & Candy", "Sku": "20948904_EA", "Regular Price": "5.99", "Sale Price": "4.49", "Image": "https://assets.shop.loblaws.ca/products/20948904/b1/en/front/20948904_front_a01_@2.png", "Brand": "The Snack Factory", "Url": "https://www.maxi.ca/pretzel-crisps-everything/p/20948904_EA", "Sub Category": null, "English Name": "Pretzel Crisps, Everything    ", "Size": "200 g", "Size Label": "ea"}, {"Category": "Crackers & Cookies", "Aisle": "Snacks, Chips & Candy", "Sku": "20538543003_EA", "Regular Price": "None", "Sale Price": "2.50", "Image": "https://assets.shop.loblaws.ca/products/20538543003/b1/en/front/20538543003_front_a01_@2.png", "Brand": "President's Choice", "Url": "https://www.maxi.ca/gruy-re-cheese-swiss-sticks/p/20538543003_EA", "Sub Category": null, "English Name": "Gruy\u00e8re Cheese Swiss Sticks", "Size": "100 g", "Size Label": "ea"}, {"Category": "Crackers & Cookies", "Aisle": "Snacks, Chips & Candy", "Sku": "20066301001_EA", "Regular Price": "None", "Sale Price": "2.99", "Image": "https://assets.shop.loblaws.ca/products/20066301001/b1/en/front/20066301001_front_a01_@2.png", "Brand": "Mr. Cookies", "Url": "https://www.maxi.ca/mr-mini-vanilla-flavoured-cookies-with-chocolate-d/p/20066301001_EA", "Sub Category": null, "English Name": "Mr. Mini Vanilla Flavoured Cookies with Chocolate Drizzle", "Size": "150 g", "Size Label": "ea"}, {"Category": "Crackers & Cookies", "Aisle": "Snacks, Chips & Candy", "Sku": "21081883_EA", "Regular Price": "6.29", "Sale Price": "4.99", "Image": "https://assets.shop.loblaws.ca/products/21081883/b1/en/front/21081883_front_a01_@2.png", "Brand": "Dare", "Url": "https://www.maxi.ca/bear-paws-chocolate-chip-cookies/p/21081883_EA", "Sub Category": null, "English Name": "Bear Paws Chocolate Chip Cookies", "Size": "480 g", "Size Label": "ea"}, {"Category": "Crackers & Cookies", "Aisle": "Snacks, Chips & Candy", "Sku": "20085922_EA", "Regular Price": "None", "Sale Price": "5.29", "Image": "https://assets.shop.loblaws.ca/products/20085922/b1/en/front/20085922_front_a01_@2.png", "Brand": "Gioia", "Url": "https://www.maxi.ca/savoiardi-biscuits/p/20085922_EA", "Sub Category": null, "English Name": "Savoiardi Biscuits", "Size": "400 g", "Size Label": "ea"}, {"Category": "Crackers & Cookies", "Aisle": "Snacks, Chips & Candy", "Sku": "20326333002_EA", "Regular Price": "4.49", "Sale Price": "3.99", "Image": "https://assets.shop.loblaws.ca/products/20326333002/b1/en/front/20326333002_front_a01_@2.png", "Brand": "Ryvita", "Url": "https://www.maxi.ca/wholegrain-rye-crispbread-sesame-rye/p/20326333002_EA", "Sub Category": null, "English Name": "Wholegrain Rye Crispbread, Sesame Rye", "Size": "250 g", "Size Label": "ea"}, {"Category": "Crackers & Cookies", "Aisle": "Snacks, Chips & Candy", "Sku": "21107403_EA", "Regular Price": "3.99", "Sale Price": "2.99", "Image": "https://assets.shop.loblaws.ca/products/21107403/b1/en/front/21107403_front_a01_@2.png", "Brand": "Keebler", "Url": "https://www.maxi.ca/town-house-oven-baked-crackers-light-and-buttery-f/p/21107403_EA", "Sub Category": null, "English Name": "Town House Oven Baked Crackers Light and Buttery Flavour Original", "Size": "391 g", "Size Label": "ea"}, {"Category": "Crackers & Cookies", "Aisle": "Snacks, Chips & Candy", "Sku": "20618577_EA", "Regular Price": "None", "Sale Price": "3.49", "Image": "https://assets.shop.loblaws.ca/products/20618577/b1/en/front/20618577_front_a01_@2.png", "Brand": "No Name", "Url": "https://www.maxi.ca/social-tea-biscuits/p/20618577_EA", "Sub Category": null, "English Name": "Social Tea Biscuits", "Size": "350 g", "Size Label": "ea"}, {"Category": "Crackers & Cookies", "Aisle": "Snacks, Chips & Candy", "Sku": "21236877_EA", "Regular Price": "None", "Sale Price": "2.49", "Image": "https://assets.shop.loblaws.ca/products/21236877/b1/en/front/21236877_front_a01_@2.png", "Brand": "Dare", "Url": "https://www.maxi.ca/meteo-strawberry-cookies/p/21236877_EA", "Sub Category": null, "English Name": "Meteo Strawberry Cookies", "Size": "280 g", "Size Label": "ea"}, {"Category": "Crackers & Cookies", "Aisle": "Snacks, Chips & Candy", "Sku": "21547046_EA", "Regular Price": "None", "Sale Price": "3.49", "Image": "https://assets.shop.loblaws.ca/products/21547046/b1/en/front/21547046_front_a01_@2.png", "Brand": "Wheat Thins", "Url": "https://www.maxi.ca/vegetable-thins-crackers-less-fat/p/21547046_EA", "Sub Category": null, "English Name": "Vegetable Thins Crackers, Less Fat", "Size": "180 g", "Size Label": "ea"}, {"Category": "Crackers & Cookies", "Aisle": "Snacks, Chips & Candy", "Sku": "21383322_EA", "Regular Price": "None", "Sale Price": "4.99", "Image": "https://assets.shop.loblaws.ca/products/21383322/b1/en/front/21383322_front_a01_@2.png", "Brand": "Dare", "Url": "https://www.maxi.ca/traditions-goglu-cookies/p/21383322_EA", "Sub Category": null, "English Name": "Traditions Goglu Cookies", "Size": "575 g", "Size Label": "ea"}, {"Category": "Crackers & Cookies", "Aisle": "Snacks, Chips & Candy", "Sku": "20501555_EA", "Regular Price": "None", "Sale Price": "6.00", "Image": "https://assets.shop.loblaws.ca/products/20501555/b1/en/front/20501555_front_a01_@2.png", "Brand": "PC Black Label", "Url": "https://www.maxi.ca/cranberry-and-fennel-artisan-crisps/p/20501555_EA", "Sub Category": null, "English Name": "Cranberry and Fennel Artisan Crisps", "Size": "150 g", "Size Label": "ea"}, {"Category": "Crackers & Cookies", "Aisle": "Snacks, Chips & Candy", "Sku": "21434656_EA", "Regular Price": "None", "Sale Price": "3.79", "Image": "https://assets.shop.loblaws.ca/products/21434656/b1/en/front/21434656_front_a01_@2.png", "Brand": "Leclerc", "Url": "https://www.maxi.ca/vital-almond-oat-bran-cookies/p/21434656_EA", "Sub Category": null, "English Name": "Vital Almond Oat Bran Cookies", "Size": "280 g", "Size Label": "ea"}, {"Category": "Crackers & Cookies", "Aisle": "Snacks, Chips & Candy", "Sku": "20617751_EA", "Regular Price": "None", "Sale Price": "4.49", "Image": "https://assets.shop.loblaws.ca/products/20617751/b1/en/front/20617751_front_a01_@2.png", "Brand": "President's Choice", "Url": "https://www.maxi.ca/arrowroot-biscuits/p/20617751_EA", "Sub Category": null, "English Name": "Arrowroot Biscuits ", "Size": "350 g", "Size Label": "ea"}, {"Category": "Crackers & Cookies", "Aisle": "Snacks, Chips & Candy", "Sku": "20315935001_EA", "Regular Price": "None", "Sale Price": "3.99", "Image": "https://assets.shop.loblaws.ca/products/20315935001/b1/en/front/20315935001_front_a01_@2.png", "Brand": "Voortman", "Url": "https://www.maxi.ca/wafers-vanilla-no-sugar-added/p/20315935001_EA", "Sub Category": null, "English Name": "Wafers, Vanilla No Sugar Added", "Size": "250 g", "Size Label": "ea"}, {"Category": "Crackers & Cookies", "Aisle": "Snacks, Chips & Candy", "Sku": "21522141_EA", "Regular Price": "None", "Sale Price": "3.99", "Image": "https://assets.shop.loblaws.ca/products/21522141/b1/en/front/21522141_front_a01_@2.png", "Brand": "Voortman", "Url": "https://www.maxi.ca/mini-wafers-vanilla/p/21522141_EA", "Sub Category": null, "English Name": "Mini Wafers Vanilla", "Size": "184 g", "Size Label": "ea"}, {"Category": "Crackers & Cookies", "Aisle": "Snacks, Chips & Candy", "Sku": "20315935004_EA", "Regular Price": "None", "Sale Price": "3.99", "Image": "https://assets.shop.loblaws.ca/products/20315935004/b1/en/front/20315935004_front_a01_@2.png", "Brand": "Voortman", "Url": "https://www.maxi.ca/no-sugar-added-chocolate-wafers/p/20315935004_EA", "Sub Category": null, "English Name": "No Sugar Added Chocolate Wafers", "Size": "250 g", "Size Label": "ea"}, {"Category": "Crackers & Cookies", "Aisle": "Snacks, Chips & Candy", "Sku": "20680381_EA", "Regular Price": "None", "Sale Price": "4.29", "Image": "https://assets.shop.loblaws.ca/products/20680381/b1/en/front/20680381_front_a01_@2.png", "Brand": "Peek Freans", "Url": "https://www.maxi.ca/fruit-creme-biscuits/p/20680381_EA", "Sub Category": null, "English Name": "Fruit Creme Biscuits", "Size": "300 g", "Size Label": "ea"}, {"Category": "Crackers & Cookies", "Aisle": "Snacks, Chips & Candy", "Sku": "20324236001_EA", "Regular Price": "None", "Sale Price": "2.49", "Image": "https://assets.shop.loblaws.ca/products/20324236001/b1/en/front/20324236001_front_a01_@2.png", "Brand": "Leclerc", "Url": "https://www.maxi.ca/tradition-1905-social-tea-cookies/p/20324236001_EA", "Sub Category": null, "English Name": "Tradition 1905 Social Tea Cookies", "Size": "325 g", "Size Label": "ea"}, {"Category": "Crackers & Cookies", "Aisle": "Snacks, Chips & Candy", "Sku": "20319949002_EA", "Regular Price": "None", "Sale Price": "3.29", "Image": "https://assets.shop.loblaws.ca/products/20319949002/b1/en/front/20319949002_front_a01_@2.png", "Brand": "Voortman", "Url": "https://www.maxi.ca/turnover-cookie-raspberry/p/20319949002_EA", "Sub Category": null, "English Name": "Turnover Cookie, Raspberry", "Size": "300 g", "Size Label": "ea"}, {"Category": "Crackers & Cookies", "Aisle": "Snacks, Chips & Candy", "Sku": "21547043_EA", "Regular Price": "None", "Sale Price": "3.49", "Image": "https://assets.shop.loblaws.ca/products/21547043/b1/en/front/21547043_front_a01_@2.png", "Brand": "Ritz", "Url": "https://www.maxi.ca/cheese-nibs-cheddar-crackers/p/21547043_EA", "Sub Category": null, "English Name": "Cheese Nibs Cheddar Crackers", "Size": "180 g", "Size Label": "ea"}, {"Category": "Crackers & Cookies", "Aisle": "Snacks, Chips & Candy", "Sku": "20572093002_EA", "Regular Price": "None", "Sale Price": "1.00", "Image": "https://assets.shop.loblaws.ca/products/20572093002/b1/en/front/20572093002_front_a01_@2.png", "Brand": "No Name", "Url": "https://www.maxi.ca/hazelnut-cr-me-filled-wafers/p/20572093002_EA", "Sub Category": null, "English Name": "Hazelnut Cr\u00e8me-Filled Wafers", "Size": "175 g", "Size Label": "ea"}, {"Category": "Crackers & Cookies", "Aisle": "Snacks, Chips & Candy", "Sku": "21348623_EA", "Regular Price": "None", "Sale Price": "2.50", "Image": "https://assets.shop.loblaws.ca/products/21348623/b1/en/front/21348623_front_a01_@2.png", "Brand": "President's Choice", "Url": "https://www.maxi.ca/onion-chives-swiss-sticks/p/21348623_EA", "Sub Category": null, "English Name": "Onion & Chives Swiss Sticks", "Size": "100 g", "Size Label": "ea"}, {"Category": "Crackers & Cookies", "Aisle": "Snacks, Chips & Candy", "Sku": "21081244_EA", "Regular Price": "None", "Sale Price": "2.49", "Image": "https://assets.shop.loblaws.ca/products/21081244/b1/en/front/21081244_front_a01_@2.png", "Brand": "Dare", "Url": "https://www.maxi.ca/maxi-fruits-strawberry-cookies/p/21081244_EA", "Sub Category": null, "English Name": "Maxi Fruits Strawberry Cookies", "Size": "280 g", "Size Label": "ea"}, {"Category": "Crackers & Cookies", "Aisle": "Snacks, Chips & Candy", "Sku": "20783328004_EA", "Regular Price": "2.99", "Sale Price": "2.49", "Image": "https://assets.shop.loblaws.ca/products/20783328004/b1/en/front/20783328004_front_a01_@2.png", "Brand": "Dare", "Url": "https://www.maxi.ca/whippet-black-forest-cookies/p/20783328004_EA", "Sub Category": null, "English Name": "Whippet Black Forest Cookies", "Size": "285 g", "Size Label": "ea"}, {"Category": "Crackers & Cookies", "Aisle": "Snacks, Chips & Candy", "Sku": "21005153_EA", "Regular Price": "None", "Sale Price": "2.49", "Image": "https://assets.shop.loblaws.ca/products/21005153/b1/en/front/21005153_front_a01_@2.png", "Brand": "Christie", "Url": "https://www.maxi.ca/fudgee-o-original-cookies/p/21005153_EA", "Sub Category": null, "English Name": "Fudgee-O Original Cookies", "Size": "303 g", "Size Label": "ea"}, {"Category": "Crackers & Cookies", "Aisle": "Snacks, Chips & Candy", "Sku": "20325651_EA", "Regular Price": "None", "Sale Price": "2.49", "Image": "https://assets.shop.loblaws.ca/products/20325651/b1/en/front/20325651_front_a01_@2.png", "Brand": "VitaVigor", "Url": "https://www.maxi.ca/breadsticks-sesame/p/20325651_EA", "Sub Category": null, "English Name": "Breadsticks, Sesame", "Size": "125 g", "Size Label": "ea"}, {"Category": "Crackers & Cookies", "Aisle": "Snacks, Chips & Candy", "Sku": "21081562_EA", "Regular Price": "None", "Sale Price": "2.49", "Image": "https://assets.shop.loblaws.ca/products/21081562/b1/en/front/21081562_front_a01_@2.png", "Brand": "Dare", "Url": "https://www.maxi.ca/maxi-fruits-raspberry-cookies/p/21081562_EA", "Sub Category": null, "English Name": "Maxi Fruits Raspberry Cookies", "Size": "280 g", "Size Label": "ea"}, {"Category": "Crackers & Cookies", "Aisle": "Snacks, Chips & Candy", "Sku": "21531490_EA", "Regular Price": "None", "Sale Price": "2.99", "Image": "https://assets.shop.loblaws.ca/products/21531490/b1/en/front/21531490_front_a01_@2.png", "Brand": "Kelloggs", "Url": "https://www.maxi.ca/snap-d-baked-snack-crackers-parmesan-ranch-flavour/p/21531490_EA", "Sub Category": null, "English Name": "Snap'd Baked Snack Crackers Parmesan Ranch Flavour", "Size": "212.91 g", "Size Label": "ea"}, {"Category": "Crackers & Cookies", "Aisle": "Snacks, Chips & Candy", "Sku": "21023029_EA", "Regular Price": "None", "Sale Price": "3.29", "Image": "https://assets.shop.loblaws.ca/products/21023029/b1/en/front/21023029_front_a01_@2.png", "Brand": "Christie", "Url": "https://www.maxi.ca/good-thins-rice-crackers-multigrain/p/21023029_EA", "Sub Category": null, "English Name": "Good Thins Rice Crackers, Multigrain", "Size": "100 g", "Size Label": "ea"}, {"Category": "Crackers & Cookies", "Aisle": "Snacks, Chips & Candy", "Sku": "21547040_EA", "Regular Price": "None", "Sale Price": "3.49", "Image": "https://assets.shop.loblaws.ca/products/21547040/b1/en/front/21547040_front_a01_@2.png", "Brand": "Ritz", "Url": "https://www.maxi.ca/crackers/p/21547040_EA", "Sub Category": null, "English Name": "Crackers", "Size": "180 g", "Size Label": "ea"}, {"Category": "Crackers & Cookies", "Aisle": "Snacks, Chips & Candy", "Sku": "20326033004_EA", "Regular Price": "None", "Sale Price": "3.49", "Image": "https://assets.shop.loblaws.ca/products/20326033004/b1/en/front/20326033004_front_a01_@2.png", "Brand": "Dare", "Url": "https://www.maxi.ca/vinta-crackers-snacks-original/p/20326033004_EA", "Sub Category": null, "English Name": "Vinta Crackers Snacks Original", "Size": "200 g", "Size Label": "ea"}, {"Category": "Crackers & Cookies", "Aisle": "Snacks, Chips & Candy", "Sku": "20501554_EA", "Regular Price": "None", "Sale Price": "6.00", "Image": "https://assets.shop.loblaws.ca/products/20501554/b1/en/front/20501554_front_a01_@2.png", "Brand": "PC Black Label", "Url": "https://www.maxi.ca/apricot-and-rosemary-artisan-crisps/p/20501554_EA", "Sub Category": null, "English Name": "Apricot and Rosemary Artisan Crisps", "Size": "150 g", "Size Label": "ea"}, {"Category": "Crackers & Cookies", "Aisle": "Snacks, Chips & Candy", "Sku": "21534268_EA", "Regular Price": "None", "Sale Price": "4.99", "Image": "https://assets.shop.loblaws.ca/products/21534268/b1/en/front/21534268_front_a01_@2.png", "Brand": "Oreo", "Url": "https://www.maxi.ca/super-mario-cookies/p/21534268_EA", "Sub Category": null, "English Name": "Super Mario Cookies", "Size": "345 g", "Size Label": "ea"}, {"Category": "Crackers & Cookies", "Aisle": "Snacks, Chips & Candy", "Sku": "21362340_EA", "Regular Price": "None", "Sale Price": "4.29", "Image": "https://assets.shop.loblaws.ca/products/21362340/b1/en/front/21362340_front_a01_@2.png", "Brand": "Peek Freans", "Url": "https://www.maxi.ca/maple-leaf-cookies/p/21362340_EA", "Sub Category": null, "English Name": "Maple Leaf Cookies", "Size": "300 g", "Size Label": "ea"}, {"Category": "Crackers & Cookies", "Aisle": "Snacks, Chips & Candy", "Sku": "20318892001_EA", "Regular Price": "None", "Sale Price": "2.99", "Image": "https://assets.shop.loblaws.ca/products/20318892001/b1/en/front/20318892001_front_a01_@2.png", "Brand": "No Name", "Url": "https://www.maxi.ca/original-snack-crackers/p/20318892001_EA", "Sub Category": null, "English Name": "Original Snack Crackers", "Size": "225 g", "Size Label": "ea"}, {"Category": "Crackers & Cookies", "Aisle": "Snacks, Chips & Candy", "Sku": "20219188002_EA", "Regular Price": "None", "Sale Price": "4.49", "Image": "https://assets.shop.loblaws.ca/products/20219188002/b1/en/front/20219188002_front_a01_@2.png", "Brand": "President's Choice", "Url": "https://www.maxi.ca/unsalted-tops-soda-crackers/p/20219188002_EA", "Sub Category": null, "English Name": "Unsalted Tops Soda Crackers", "Size": "500 g", "Size Label": "ea"}, {"Category": "Crackers & Cookies", "Aisle": "Snacks, Chips & Candy", "Sku": "20901932_EA", "Regular Price": "None", "Sale Price": "3.99", "Image": "https://assets.shop.loblaws.ca/products/20901932/b1/en/front/20901932_front_a01_@2.png", "Brand": "Voortman", "Url": "https://www.maxi.ca/orange-cream-wafers/p/20901932_EA", "Sub Category": null, "English Name": "Orange Cream Wafers", "Size": "250 g", "Size Label": "ea"}, {"Category": "Crackers & Cookies", "Aisle": "Snacks, Chips & Candy", "Sku": "20325908_EA", "Regular Price": "None", "Sale Price": "3.29", "Image": "https://assets.shop.loblaws.ca/products/20325908/b1/en/front/20325908_front_a01_@2.png", "Brand": "Loacker", "Url": "https://www.maxi.ca/wafer-vanilla/p/20325908_EA", "Sub Category": null, "English Name": "Wafer, Vanilla", "Size": "175 g", "Size Label": "ea"}, {"Category": "Crackers & Cookies", "Aisle": "Snacks, Chips & Candy", "Sku": "21438894_EA", "Regular Price": "2.99", "Sale Price": "2.49", "Image": "https://assets.shop.loblaws.ca/products/21438894/b1/en/front/21438894_front_a01_@2.png", "Brand": "Dare", "Url": "https://www.maxi.ca/whippet-maple-cookies/p/21438894_EA", "Sub Category": null, "English Name": "Whippet Maple Cookies", "Size": "285 g", "Size Label": "ea"}, {"Category": "Crackers & Cookies", "Aisle": "Snacks, Chips & Candy", "Sku": "21358226_EA", "Regular Price": "None", "Sale Price": "2.29", "Image": "https://assets.shop.loblaws.ca/products/21358226/b1/en/front/21358226_front_a01_@2.png", "Brand": "Christie", "Url": "https://www.maxi.ca/crispers-cheddar-crackers/p/21358226_EA", "Sub Category": null, "English Name": "Crispers Cheddar Crackers", "Size": "145 g", "Size Label": "ea"}, {"Category": "Crackers & Cookies", "Aisle": "Snacks, Chips & Candy", "Sku": "20774684001_EA", "Regular Price": "None", "Sale Price": "3.49", "Image": "https://assets.shop.loblaws.ca/products/20774684001/b1/en/front/20774684001_front_a01_@2.png", "Brand": "Dare", "Url": "https://www.maxi.ca/breton-original-bites/p/20774684001_EA", "Sub Category": null, "English Name": "Breton Original Bites", "Size": "200 g", "Size Label": "ea"}, {"Category": "Crackers & Cookies", "Aisle": "Snacks, Chips & Candy", "Sku": "21449840_EA", "Regular Price": "4.29", "Sale Price": "2.99", "Image": "https://assets.shop.loblaws.ca/products/21449840/b1/en/front/21449840_front_a01_@2.png", "Brand": "Cheez-It", "Url": "https://www.maxi.ca/crackers-jalape-o-jack-flavour-snack/p/21449840_EA", "Sub Category": null, "English Name": "Crackers jalape\u00f1o Jack Flavour Snack ", "Size": "213 g", "Size Label": "ea"}, {"Category": "Crackers & Cookies", "Aisle": "Snacks, Chips & Candy", "Sku": "21543480_EA", "Regular Price": "None", "Sale Price": "2.49", "Image": "https://assets.shop.loblaws.ca/products/21543480/b1/en/front/21543480_front_a01_@2.png", "Brand": "Leclerc Tradition", "Url": "https://www.maxi.ca/tradition-soft-cookies-summer-strawberry/p/21543480_EA", "Sub Category": null, "English Name": "Tradition Soft Cookies Summer Strawberry", "Size": "280 g", "Size Label": "ea"}, {"Category": "Crackers & Cookies", "Aisle": "Snacks, Chips & Candy", "Sku": "20322163004_EA", "Regular Price": "None", "Sale Price": "3.99", "Image": "https://assets.shop.loblaws.ca/products/20322163004/b1/en/front/20322163004_front_a01_@2.png", "Brand": "Grissol", "Url": "https://www.maxi.ca/melba-toast-original-lunch/p/20322163004_EA", "Sub Category": null, "English Name": "Melba Toast Original Lunch", "Size": "200 g", "Size Label": "ea"}, {"Category": "Crackers & Cookies", "Aisle": "Snacks, Chips & Candy", "Sku": "20783328002_EA", "Regular Price": "2.99", "Sale Price": "2.49", "Image": "https://assets.shop.loblaws.ca/products/20783328002/b1/en/front/20783328002_front_a01_@2.png", "Brand": "Dare", "Url": "https://www.maxi.ca/whippet-raspberry-cookies/p/20783328002_EA", "Sub Category": null, "English Name": "Whippet Raspberry Cookies", "Size": "285 g", "Size Label": "ea"}, {"Category": "Crackers & Cookies", "Aisle": "Snacks, Chips & Candy", "Sku": "21520701_EA", "Regular Price": "None", "Sale Price": "3.49", "Image": "https://assets.shop.loblaws.ca/products/21520701/b1/en/front/21520701_front_a01_@2.png", "Brand": "Dare", "Url": "https://www.maxi.ca/vinta-original-crackers/p/21520701_EA", "Sub Category": null, "English Name": "Vinta Original Crackers", "Size": "225 g", "Size Label": "ea"}, {"Category": "Crackers & Cookies", "Aisle": "Snacks, Chips & Candy", "Sku": "21358398_EA", "Regular Price": "None", "Sale Price": "2.49", "Image": "https://assets.shop.loblaws.ca/products/21358398/b1/en/front/21358398_front_a01_@2.png", "Brand": "Oreo", "Url": "https://www.maxi.ca/oreo-golden-cookies/p/21358398_EA", "Sub Category": null, "English Name": "Oreo Golden Cookies", "Size": "270 g", "Size Label": "ea"}, {"Category": "Crackers & Cookies", "Aisle": "Snacks, Chips & Candy", "Sku": "21471827_EA", "Regular Price": "None", "Sale Price": "2.49", "Image": "https://assets.shop.loblaws.ca/products/21471827/b1/en/front/21471827_front_a01_@2.png", "Brand": "Leclerc", "Url": "https://www.maxi.ca/butter-cookies-cappuccino-truffle/p/21471827_EA", "Sub Category": null, "English Name": "Butter Cookies Cappuccino Truffle", "Size": "240 g", "Size Label": "ea"}, {"Category": "Crackers & Cookies", "Aisle": "Snacks, Chips & Candy", "Sku": "21306046_EA", "Regular Price": "None", "Sale Price": "3.99", "Image": "https://assets.shop.loblaws.ca/products/21306046/b1/en/front/21306046_front_a01_@2.png", "Brand": "President's Choice", "Url": "https://www.maxi.ca/sweet-potato-veggie-snaps/p/21306046_EA", "Sub Category": null, "English Name": "Sweet Potato Veggie Snaps", "Size": "180 g", "Size Label": "ea"}, {"Category": "Crackers & Cookies", "Aisle": "Snacks, Chips & Candy", "Sku": "21451181_EA", "Regular Price": "4.29", "Sale Price": "2.99", "Image": "https://assets.shop.loblaws.ca/products/21451181/b1/en/front/21451181_front_a01_@2.png", "Brand": "Cheez-It", "Url": "https://www.maxi.ca/crackers-double-cheese-flavour-snack/p/21451181_EA", "Sub Category": null, "English Name": "Crackers Double Cheese Flavour Snack", "Size": "213 g", "Size Label": "ea"}, {"Category": "Crackers & Cookies", "Aisle": "Snacks, Chips & Candy", "Sku": "21383381_EA", "Regular Price": "None", "Sale Price": "4.99", "Image": "https://assets.shop.loblaws.ca/products/21383381/b1/en/front/21383381_front_a01_@2.png", "Brand": "Dare", "Url": "https://www.maxi.ca/traditions-petit-beurre-cookies/p/21383381_EA", "Sub Category": null, "English Name": "Traditions Petit Beurre Cookies", "Size": "525 g", "Size Label": "ea"}, {"Category": "Crackers & Cookies", "Aisle": "Snacks, Chips & Candy", "Sku": "20588938003_EA", "Regular Price": "None", "Sale Price": "2.99", "Image": "https://assets.shop.loblaws.ca/products/20588938003/b1/en/front/20588938003_front_a01_@2.png", "Brand": "President's Choice", "Url": "https://www.maxi.ca/sea-salt-baked-pita-crackers/p/20588938003_EA", "Sub Category": null, "English Name": "Sea Salt Baked Pita Crackers", "Size": "142 g", "Size Label": "ea"}, {"Category": "Crackers & Cookies", "Aisle": "Snacks, Chips & Candy", "Sku": "20433236_EA", "Regular Price": "None", "Sale Price": "2.50", "Image": "https://assets.shop.loblaws.ca/products/20433236/b1/en/front/20433236_front_a01_@2.png", "Brand": "President's Choice", "Url": "https://www.maxi.ca/multigrain-melba-toast/p/20433236_EA", "Sub Category": null, "English Name": "Multigrain Melba Toast", "Size": "200 g", "Size Label": "ea"}, {"Category": "Crackers & Cookies", "Aisle": "Snacks, Chips & Candy", "Sku": "21033188_EA", "Regular Price": "None", "Sale Price": "3.99", "Image": "https://assets.shop.loblaws.ca/products/21033188/b1/en/front/21033188_front_a01_@2.png", "Brand": "Grissol", "Url": "https://www.maxi.ca/baguettes-olive-oil-and-sea-salt/p/21033188_EA", "Sub Category": null, "English Name": "Baguettes Olive Oil and Sea Salt", "Size": "120 g", "Size Label": "ea"}, {"Category": "Crackers & Cookies", "Aisle": "Snacks, Chips & Candy", "Sku": "21217156_EA", "Regular Price": "None", "Sale Price": "3.29", "Image": "https://assets.shop.loblaws.ca/products/21217156/b1/en/front/21217156_front_a01_@2.png", "Brand": "Dare", "Url": "https://www.maxi.ca/bold-n-baked-sweet-chili/p/21217156_EA", "Sub Category": null, "English Name": "Bold \u2018n Baked Sweet Chili", "Size": "150 g", "Size Label": "ea"}, {"Category": "Crackers & Cookies", "Aisle": "Snacks, Chips & Candy", "Sku": "21368274_EA", "Regular Price": "None", "Sale Price": "2.49", "Image": "https://assets.shop.loblaws.ca/products/21368274/b1/en/front/21368274_front_a01_@2.png", "Brand": "Leclerc", "Url": "https://www.maxi.ca/graham-cookies-s-mores-style-truffle/p/21368274_EA", "Sub Category": null, "English Name": "Graham Cookies S'Mores Style Truffle", "Size": "240 g", "Size Label": "ea"}, {"Category": "Crackers & Cookies", "Aisle": "Snacks, Chips & Candy", "Sku": "20431236_EA", "Regular Price": "None", "Sale Price": "3.49", "Image": "https://assets.shop.loblaws.ca/products/20431236/b1/en/front/20431236_front_a01_@2.png", "Brand": "President's Choice", "Url": "https://www.maxi.ca/water-crackers/p/20431236_EA", "Sub Category": null, "English Name": "Water Crackers", "Size": "125 g", "Size Label": "ea"}, {"Category": "Crackers & Cookies", "Aisle": "Snacks, Chips & Candy", "Sku": "21380316_EA", "Regular Price": "2.99", "Sale Price": "2.49", "Image": "https://assets.shop.loblaws.ca/products/21380316/b1/en/front/21380316_front_a01_@2.png", "Brand": "President's Choice", "Url": "https://www.maxi.ca/mini-pita-crackers-sea-salt/p/21380316_EA", "Sub Category": null, "English Name": "Mini Pita Crackers, Sea Salt", "Size": "142 g", "Size Label": "ea"}, {"Category": "Crackers & Cookies", "Aisle": "Snacks, Chips & Candy", "Sku": "20066301002_EA", "Regular Price": "None", "Sale Price": "2.99", "Image": "https://assets.shop.loblaws.ca/products/20066301002/b1/en/front/20066301002_front_a01_@2.png", "Brand": "Mr. Cookies", "Url": "https://www.maxi.ca/mr-mini-cookies/p/20066301002_EA", "Sub Category": null, "English Name": "Mr Mini Cookies", "Size": "150 g", "Size Label": "ea"}, {"Category": "Crackers & Cookies", "Aisle": "Snacks, Chips & Candy", "Sku": "20219188001_EA", "Regular Price": "None", "Sale Price": "4.49", "Image": "https://assets.shop.loblaws.ca/products/20219188001/b1/en/front/20219188001_front_a01_@2.png", "Brand": "President's Choice", "Url": "https://www.maxi.ca/salted-tops-soda-crackers/p/20219188001_EA", "Sub Category": null, "English Name": "Salted Tops Soda Crackers", "Size": "500 g", "Size Label": "ea"}, {"Category": "Crackers & Cookies", "Aisle": "Snacks, Chips & Candy", "Sku": "21038223_EA", "Regular Price": "None", "Sale Price": "3.99", "Image": "https://assets.shop.loblaws.ca/products/21038223/b1/en/front/21038223_front_a01_@2.png", "Brand": "Voortman", "Url": "https://www.maxi.ca/fudge-striped-shortbread/p/21038223_EA", "Sub Category": null, "English Name": "Fudge Striped Shortbread", "Size": "320 g", "Size Label": "ea"}, {"Category": "Crackers & Cookies", "Aisle": "Snacks, Chips & Candy", "Sku": "21434642_EA", "Regular Price": "None", "Sale Price": "3.49", "Image": "https://assets.shop.loblaws.ca/products/21434642/b1/en/front/21434642_front_a01_@2.png", "Brand": "Leclerc Tradition", "Url": "https://www.maxi.ca/jelly-sponge-cookies/p/21434642_EA", "Sub Category": null, "English Name": "Jelly Sponge Cookies", "Size": "300 g", "Size Label": "ea"}, {"Category": "Crackers & Cookies", "Aisle": "Snacks, Chips & Candy", "Sku": "20321709001_EA", "Regular Price": "None", "Sale Price": "4.99", "Image": "https://assets.shop.loblaws.ca/products/20321709001/b1/en/front/20321709001_front_a01_@2.png", "Brand": "Christie", "Url": "https://www.maxi.ca/premium-plus-whole-wheat-crackers-soda/p/20321709001_EA", "Sub Category": null, "English Name": "Premium Plus Whole Wheat Crackers-Soda", "Size": "500 g", "Size Label": "ea"}, {"Category": "Crackers & Cookies", "Aisle": "Snacks, Chips & Candy", "Sku": "20948939_EA", "Regular Price": "None", "Sale Price": "4.49", "Image": "https://assets.shop.loblaws.ca/products/20948939/b1/en/front/20948939_front_a01_@2.png", "Brand": "The Snack Factory", "Url": "https://www.maxi.ca/pretzel-crisps-garlic-parmesan/p/20948939_EA", "Sub Category": null, "English Name": "Pretzel Crisps, Garlic Parmesan    ", "Size": "200 g", "Size Label": "ea"}, {"Category": "Crackers & Cookies", "Aisle": "Snacks, Chips & Candy", "Sku": "21365663_EA", "Regular Price": "None", "Sale Price": "3.79", "Image": "https://assets.shop.loblaws.ca/products/21365663/b1/en/front/21365663_front_a01_@2.png", "Brand": "Lotus", "Url": "https://www.maxi.ca/cookies-biscoff-caramelised-sandwich-biscuits-with/p/21365663_EA", "Sub Category": null, "English Name": "Cookies, Biscoff Caramelised Sandwich Biscuits with a Biscoff Cream Filling", "Size": "150 g", "Size Label": "ea"}, {"Category": "Crackers & Cookies", "Aisle": "Snacks, Chips & Candy", "Sku": "21236927_EA", "Regular Price": "None", "Sale Price": "2.49", "Image": "https://assets.shop.loblaws.ca/products/21236927/b1/en/front/21236927_front_a01_@2.png", "Brand": "Dare", "Url": "https://www.maxi.ca/normandie-chocolate-fingers-cookies/p/21236927_EA", "Sub Category": null, "English Name": "Normandie Chocolate Fingers Cookies", "Size": "280 g", "Size Label": "ea"}, {"Category": "Crackers & Cookies", "Aisle": "Snacks, Chips & Candy", "Sku": "20965364_EA", "Regular Price": "None", "Sale Price": "2.49", "Image": "https://assets.shop.loblaws.ca/products/20965364/b1/en/front/20965364_front_a01_@2.png", "Brand": "Leclerc", "Url": "https://www.maxi.ca/celebration-coffee-wafer-cookies/p/20965364_EA", "Sub Category": null, "English Name": "Celebration Coffee Wafer Cookies", "Size": "240 g", "Size Label": "ea"}, {"Category": "Crackers & Cookies", "Aisle": "Snacks, Chips & Candy", "Sku": "20172823002_EA", "Regular Price": "None", "Sale Price": "3.99", "Image": "https://assets.shop.loblaws.ca/products/20172823002/b1/en/front/20172823002_front_a01_@2.png", "Brand": "Grissol", "Url": "https://www.maxi.ca/melba-canap-original/p/20172823002_EA", "Sub Category": null, "English Name": "Melba Canap\u00e9 Original", "Size": "150 g", "Size Label": "ea"}, {"Category": "Crackers & Cookies", "Aisle": "Snacks, Chips & Candy", "Sku": "20310758001_EA", "Regular Price": "None", "Sale Price": "3.29", "Image": "https://assets.shop.loblaws.ca/products/20310758001/b1/en/front/20310758001_front_a01_@2.png", "Brand": "Voortman", "Url": "https://www.maxi.ca/turnover-cookie-blueberry/p/20310758001_EA", "Sub Category": null, "English Name": "Turnover Cookie, Blueberry", "Size": "300 g", "Size Label": "ea"}, {"Category": "Crackers & Cookies", "Aisle": "Snacks, Chips & Candy", "Sku": "20863158_EA", "Regular Price": "2.99", "Sale Price": "2.49", "Image": "https://assets.shop.loblaws.ca/products/20863158/b1/en/front/20863158_front_a01_@2.png", "Brand": "Dare", "Url": "https://www.maxi.ca/whippet-sticks-coconut-cookies/p/20863158_EA", "Sub Category": null, "English Name": "Whippet Sticks Coconut Cookies", "Size": "250 g", "Size Label": "ea"}, {"Category": "Crackers & Cookies", "Aisle": "Snacks, Chips & Candy", "Sku": "20307218001_EA", "Regular Price": "5.99", "Sale Price": "4.99", "Image": "https://assets.shop.loblaws.ca/products/20307218001/b1/en/front/20307218001_front_a01_@2.png", "Brand": "Grissol", "Url": "https://www.maxi.ca/melba-toast-original/p/20307218001_EA", "Sub Category": null, "English Name": "Melba Toast Original", "Size": "400 g", "Size Label": "ea"}, {"Category": "Crackers & Cookies", "Aisle": "Snacks, Chips & Candy", "Sku": "21005258_EA", "Regular Price": "None", "Sale Price": "2.49", "Image": "https://assets.shop.loblaws.ca/products/21005258/b1/en/front/21005258_front_a01_@2.png", "Brand": "Christie", "Url": "https://www.maxi.ca/fudgee-o-double-stuf-cookies/p/21005258_EA", "Sub Category": null, "English Name": "Fudgee-O Double Stuf Cookies", "Size": "303 g", "Size Label": "ea"}, {"Category": "Crackers & Cookies", "Aisle": "Snacks, Chips & Candy", "Sku": "21014087_EA", "Regular Price": "None", "Sale Price": "4.99", "Image": "https://assets.shop.loblaws.ca/products/21014087/b1/en/front/21014087_front_a01_@2.png", "Brand": "Christie", "Url": "https://www.maxi.ca/chips-ahoy-original-cookies/p/21014087_EA", "Sub Category": null, "English Name": "Chips Ahoy! Original Cookies", "Size": "460 g", "Size Label": "ea"}, {"Category": "Crackers & Cookies", "Aisle": "Snacks, Chips & Candy", "Sku": "21346817_EA", "Regular Price": "None", "Sale Price": "2.50", "Image": "https://assets.shop.loblaws.ca/products/21346817/b1/en/front/21346817_front_a01_@2.png", "Brand": "President's Choice", "Url": "https://www.maxi.ca/salt-of-the-alps-swiss-sticks/p/21346817_EA", "Sub Category": null, "English Name": "Salt of the Alps Swiss Sticks", "Size": "100 g", "Size Label": "ea"}, {"Category": "Crackers & Cookies", "Aisle": "Snacks, Chips & Candy", "Sku": "20854413002_EA", "Regular Price": "None", "Sale Price": "2.49", "Image": "https://assets.shop.loblaws.ca/products/20854413002/b1/en/front/20854413002_front_a01_@2.png", "Brand": "Leclerc", "Url": "https://www.maxi.ca/celebration-oatmeal-milk-chocolate-cookies/p/20854413002_EA", "Sub Category": null, "English Name": "Celebration Oatmeal Milk Chocolate Cookies", "Size": "240 g", "Size Label": "ea"}, {"Category": "Crackers & Cookies", "Aisle": "Snacks, Chips & Candy", "Sku": "21547023_EA", "Regular Price": "None", "Sale Price": "3.49", "Image": "https://assets.shop.loblaws.ca/products/21547023/b1/en/front/21547023_front_a01_@2.png", "Brand": "Ritz", "Url": "https://www.maxi.ca/crackers/p/21547023_EA", "Sub Category": null, "English Name": "Crackers", "Size": "180 g", "Size Label": "ea"}, {"Category": "Crackers & Cookies", "Aisle": "Snacks, Chips & Candy", "Sku": "20278802002_EA", "Regular Price": "None", "Sale Price": "3.29", "Image": "https://assets.shop.loblaws.ca/products/20278802002/b1/en/front/20278802002_front_a01_@2.png", "Brand": "Voortman", "Url": "https://www.maxi.ca/wafers-strawberry/p/20278802002_EA", "Sub Category": null, "English Name": "Wafers, Strawberry", "Size": "300 g", "Size Label": "ea"}, {"Category": "Crackers & Cookies", "Aisle": "Snacks, Chips & Candy", "Sku": "21039965_EA", "Regular Price": "None", "Sale Price": "8.99", "Image": "https://assets.shop.loblaws.ca/products/21039965/b1/en/front/21039965_front_a01_@2.png", "Brand": "Pepperidge Farm", "Url": "https://www.maxi.ca/goldfish-cheddar-22-pack/p/21039965_EA", "Sub Category": null, "English Name": "Goldfish  Cheddar 22 Pack", "Size": "616 g", "Size Label": "ea"}, {"Category": "Crackers & Cookies", "Aisle": "Snacks, Chips & Candy", "Sku": "20774684002_EA", "Regular Price": "None", "Sale Price": "3.49", "Image": "https://assets.shop.loblaws.ca/products/20774684002/b1/en/front/20774684002_front_a01_@2.png", "Brand": "Dare", "Url": "https://www.maxi.ca/breton-veggie-bites/p/20774684002_EA", "Sub Category": null, "English Name": "Breton Veggie Bites", "Size": "200 g", "Size Label": "ea"}, {"Category": "Crackers & Cookies", "Aisle": "Snacks, Chips & Candy", "Sku": "21081841_EA", "Regular Price": "None", "Sale Price": "3.29", "Image": "https://assets.shop.loblaws.ca/products/21081841/b1/en/front/21081841_front_a01_@2.png", "Brand": "Voortman", "Url": "https://www.maxi.ca/maple-wafers/p/21081841_EA", "Sub Category": null, "English Name": "Maple Wafers", "Size": "300 g", "Size Label": "ea"}, {"Category": "Crackers & Cookies", "Aisle": "Snacks, Chips & Candy", "Sku": "20437538_EA", "Regular Price": "None", "Sale Price": "2.50", "Image": "https://assets.shop.loblaws.ca/products/20437538/b1/en/front/20437538_front_a01_@2.png", "Brand": "President's Choice", "Url": "https://www.maxi.ca/original-melba-toast/p/20437538_EA", "Sub Category": null, "English Name": "Original Melba Toast", "Size": "200 g", "Size Label": "ea"}, {"Category": "Crackers & Cookies", "Aisle": "Snacks, Chips & Candy", "Sku": "20501557_EA", "Regular Price": "None", "Sale Price": "6.00", "Image": "https://assets.shop.loblaws.ca/products/20501557/b1/en/front/20501557_front_a01_@2.png", "Brand": "PC Black Label", "Url": "https://www.maxi.ca/raisin-and-black-currant-artisan-crisps/p/20501557_EA", "Sub Category": null, "English Name": "Raisin and Black Currant Artisan Crisps", "Size": "150 g", "Size Label": "ea"}, {"Category": "Candy & Chocolate", "Aisle": "Snacks, Chips & Candy", "Sku": "20966532_EA", "Regular Price": "None", "Sale Price": "11.49", "Image": "https://assets.shop.loblaws.ca/products/20966532/b1/en/front/20966532_front_a01_@2.png", "Brand": "Nestl\u00e9", "Url": "https://www.maxi.ca/mini-halloween-assorted-bars-50-mini-bars/p/20966532_EA", "Sub Category": null, "English Name": "Mini Halloween Assorted Bars, 50 Mini Bars", "Size": "505 g", "Size Label": "ea"}, {"Category": "Candy & Chocolate", "Aisle": "Snacks, Chips & Candy", "Sku": "20580727_EA", "Regular Price": "None", "Sale Price": "1.00", "Image": "https://assets.shop.loblaws.ca/products/20580727/b1/en/front/20580727_front_a01_@2.png", "Brand": "No Name", "Url": "https://www.maxi.ca/milk-chocolate-bar/p/20580727_EA", "Sub Category": null, "English Name": "Milk Chocolate Bar", "Size": "100 g", "Size Label": "ea"}, {"Category": "Candy & Chocolate", "Aisle": "Snacks, Chips & Candy", "Sku": "20066954_EA", "Regular Price": "1.00", "Sale Price": "0.95", "Image": "https://assets.shop.loblaws.ca/products/20066954/b1/en/front/20066954_front_a01_@2.png", "Brand": "Nestl\u00e9", "Url": "https://www.maxi.ca/kitkat-4-finger-milk-chocolate-bar/p/20066954_EA", "Sub Category": null, "English Name": "KITKAT 4-Finger Milk Chocolate Bar", "Size": "45 g", "Size Label": "ea"}, {"Category": "Candy & Chocolate", "Aisle": "Snacks, Chips & Candy", "Sku": "20000356_EA", "Regular Price": "None", "Sale Price": "6.00", "Image": "https://assets.shop.loblaws.ca/products/20000356/b1/en/front/20000356_front_a01_@2.png", "Brand": "President's Choice", "Url": "https://www.maxi.ca/milk-chocolate-covered-almonds/p/20000356_EA", "Sub Category": null, "English Name": "Milk Chocolate Covered Almonds", "Size": "340 g", "Size Label": "ea"}, {"Category": "Candy & Chocolate", "Aisle": "Snacks, Chips & Candy", "Sku": "20322193001_EA", "Regular Price": "None", "Sale Price": "2.25", "Image": "https://assets.shop.loblaws.ca/products/20322193001/b1/en/front/20322193001_front_a01_@2.png", "Brand": "Cadbury", "Url": "https://www.maxi.ca/dairy-milk-milk-chocolate-chocolate-bar/p/20322193001_EA", "Sub Category": null, "English Name": "Dairy Milk Milk Chocolate Chocolate Bar", "Size": "100 g", "Size Label": "ea"}, {"Category": "Candy & Chocolate", "Aisle": "Snacks, Chips & Candy", "Sku": "20024241001_EA", "Regular Price": "None", "Sale Price": "2.25", "Image": "https://assets.shop.loblaws.ca/products/20024241001/b1/en/front/20024241001_front_a01_@2.png", "Brand": "Cadbury", "Url": "https://www.maxi.ca/dairy-milk-fruit-and-nut-chocolate-bar/p/20024241001_EA", "Sub Category": null, "English Name": "Dairy Milk Fruit And Nut Chocolate Bar", "Size": "100 g", "Size Label": "ea"}, {"Category": "Candy & Chocolate", "Aisle": "Snacks, Chips & Candy", "Sku": "20306258_EA", "Regular Price": "1.00", "Sale Price": "0.95", "Image": "https://assets.shop.loblaws.ca/products/20306258/b1/en/front/20306258_front_a01_@2.png", "Brand": "Nestl\u00e9", "Url": "https://www.maxi.ca/aero-milk-chocolate-bar-original/p/20306258_EA", "Sub Category": null, "English Name": "Aero Milk Chocolate Bar, Original", "Size": "42 g", "Size Label": "ea"}, {"Category": "Candy & Chocolate", "Aisle": "Snacks, Chips & Candy", "Sku": "20580726_EA", "Regular Price": "None", "Sale Price": "1.00", "Image": "https://assets.shop.loblaws.ca/products/20580726/b1/en/front/20580726_front_a01_@2.png", "Brand": "No Name", "Url": "https://www.maxi.ca/dark-chocolate-bar/p/20580726_EA", "Sub Category": null, "English Name": "Dark Chocolate Bar", "Size": "100 g", "Size Label": "ea"}, {"Category": "Candy & Chocolate", "Aisle": "Snacks, Chips & Candy", "Sku": "20022328004_EA", "Regular Price": "None", "Sale Price": "4.49", "Image": "https://assets.shop.loblaws.ca/products/20022328004/b1/en/front/20022328004_front_a01_@2.png", "Brand": "Twizzler", "Url": "https://www.maxi.ca/strawberry-twists-candy/p/20022328004_EA", "Sub Category": null, "English Name": "Strawberry Twists Candy", "Size": "454 g", "Size Label": "ea"}, {"Category": "Candy & Chocolate", "Aisle": "Snacks, Chips & Candy", "Sku": "21430724_EA", "Regular Price": "None", "Sale Price": "2.29", "Image": "https://assets.shop.loblaws.ca/products/21430724/b1/en/front/21430724_front_a01_@2.png", "Brand": "Nestl\u00e9", "Url": "https://www.maxi.ca/kitkat-snack-size/p/21430724_EA", "Sub Category": null, "English Name": "KitKat Snack Size", "Size": "112 g", "Size Label": "ea"}, {"Category": "Candy & Chocolate", "Aisle": "Snacks, Chips & Candy", "Sku": "20582012_EA", "Regular Price": "None", "Sale Price": "1.69", "Image": "https://assets.shop.loblaws.ca/products/20582012/b1/en/front/20582012_front_a01_@2.png", "Brand": "Reese's", "Url": "https://www.maxi.ca/peanut-butter-cups-candy/p/20582012_EA", "Sub Category": null, "English Name": "Peanut Butter Cups Candy", "Size": "46 g", "Size Label": "ea"}, {"Category": "Candy & Chocolate", "Aisle": "Snacks, Chips & Candy", "Sku": "21337890_EA", "Regular Price": "None", "Sale Price": "1.00", "Image": "https://assets.shop.loblaws.ca/products/21337890/b1/en/front/21337890_front_a01_@2.png", "Brand": "No Name", "Url": "https://www.maxi.ca/milk-chocolate-with-hazelnuts/p/21337890_EA", "Sub Category": null, "English Name": "Milk Chocolate with Hazelnuts", "Size": "100 g", "Size Label": "ea"}, {"Category": "Candy & Chocolate", "Aisle": "Snacks, Chips & Candy", "Sku": "20019964_EA", "Regular Price": "1.00", "Sale Price": "0.95", "Image": "https://assets.shop.loblaws.ca/products/20019964/b1/en/front/20019964_front_a01_@2.png", "Brand": "Nestl\u00e9", "Url": "https://www.maxi.ca/coffee-crisp-original-chocolate-wafer-bar/p/20019964_EA", "Sub Category": null, "English Name": "Coffee Crisp Original Chocolate Wafer Bar", "Size": "50 g", "Size Label": "ea"}, {"Category": "Candy & Chocolate", "Aisle": "Snacks, Chips & Candy", "Sku": "20322502_EA", "Regular Price": "5.29", "Sale Price": "3.79", "Image": "https://assets.shop.loblaws.ca/products/20322502/b1/en/front/20322502_front_a01_@2.png", "Brand": "Nestl\u00e9", "Url": "https://www.maxi.ca/kitkat-milk-chocolate-wafer-bars/p/20322502_EA", "Sub Category": null, "English Name": "KitKat Milk Chocolate Wafer Bars", "Size": "4x4.0 ea", "Size Label": "ea"}, {"Category": "Candy & Chocolate", "Aisle": "Snacks, Chips & Candy", "Sku": "20038058_EA", "Regular Price": "None", "Sale Price": "1.79", "Image": "https://assets.shop.loblaws.ca/products/20038058/b1/en/front/20038058_front_a01_@2.png", "Brand": "Kinder", "Url": "https://www.maxi.ca/surprise-milk-chocolate-eggs-with-toys-classic-edi/p/20038058_EA", "Sub Category": null, "English Name": "SURPRISE\u00ae Milk Chocolate Eggs with Toys, Classic Edition, 1 egg", "Size": "20 g", "Size Label": "ea"}, {"Category": "Candy & Chocolate", "Aisle": "Snacks, Chips & Candy", "Sku": "21337547_EA", "Regular Price": "None", "Sale Price": "1.00", "Image": "https://assets.shop.loblaws.ca/products/21337547/b1/en/front/21337547_front_a01_@2.png", "Brand": "No Name", "Url": "https://www.maxi.ca/white-chocolate/p/21337547_EA", "Sub Category": null, "English Name": "White Chocolate", "Size": "100 g", "Size Label": "ea"}, {"Category": "Candy & Chocolate", "Aisle": "Snacks, Chips & Candy", "Sku": "20688853002_EA", "Regular Price": "None", "Sale Price": "2.25", "Image": "https://assets.shop.loblaws.ca/products/20688853002/b1/en/front/20688853002_front_a01_@2.png", "Brand": "Cadbury", "Url": "https://www.maxi.ca/dairy-milk-hazelnut-chocolate-bar/p/20688853002_EA", "Sub Category": null, "English Name": "Dairy Milk Hazelnut Chocolate Bar", "Size": "100 g", "Size Label": "ea"}, {"Category": "Candy & Chocolate", "Aisle": "Snacks, Chips & Candy", "Sku": "20310919002_EA", "Regular Price": "4.49", "Sale Price": "3.49", "Image": "https://assets.shop.loblaws.ca/products/20310919002/b1/en/front/20310919002_front_a01_@2.png", "Brand": "Wrigley's", "Url": "https://www.maxi.ca/excel-spearmint-flavoured-sugar-free-chewing-gum-6/p/20310919002_EA", "Sub Category": null, "English Name": "Excel Spearmint Flavoured Sugar Free Chewing Gum, 60 Pieces, 1 Bottle", "Size": "83 g", "Size Label": "ea"}, {"Category": "Candy & Chocolate", "Aisle": "Snacks, Chips & Candy", "Sku": "20312527009_EA", "Regular Price": "4.29", "Sale Price": "3.29", "Image": "https://assets.shop.loblaws.ca/products/20312527009/b1/en/front/20312527009_front_a01_@2.png", "Brand": "Lindt", "Url": "https://www.maxi.ca/excellence-sea-salt-dark-chocolate-bar/p/20312527009_EA", "Sub Category": null, "English Name": "EXCELLENCE Sea Salt Dark Chocolate Bar", "Size": "100 g", "Size Label": "ea"}, {"Category": "Candy & Chocolate", "Aisle": "Snacks, Chips & Candy", "Sku": "21337562_EA", "Regular Price": "None", "Sale Price": "1.00", "Image": "https://assets.shop.loblaws.ca/products/21337562/b1/en/front/21337562_front_a01_@2.png", "Brand": "No Name", "Url": "https://www.maxi.ca/dark-chocolate-with-almonds/p/21337562_EA", "Sub Category": null, "English Name": "Dark Chocolate with Almonds", "Size": "100 g", "Size Label": "ea"}, {"Category": "Candy & Chocolate", "Aisle": "Snacks, Chips & Candy", "Sku": "20636155_EA", "Regular Price": "None", "Sale Price": "1.79", "Image": "https://assets.shop.loblaws.ca/products/20636155/b1/en/front/20636155_front_a01_@2.png", "Brand": "Kinder", "Url": "https://www.maxi.ca/surprise-milk-chocolate-eggs-with-toys-pink-editio/p/20636155_EA", "Sub Category": null, "English Name": "SURPRISE\u00ae Milk Chocolate Eggs with Toys, Pink Edition, 1 egg", "Size": "20 g", "Size Label": "ea"}, {"Category": "Candy & Chocolate", "Aisle": "Snacks, Chips & Candy", "Sku": "20253506_EA", "Regular Price": "4.49", "Sale Price": "3.49", "Image": "https://assets.shop.loblaws.ca/products/20253506/b1/en/front/20253506_front_a01_@2.png", "Brand": "Wrigley's", "Url": "https://www.maxi.ca/excel-polar-ice-flavoured-sugar-free-chewing-gum-6/p/20253506_EA", "Sub Category": null, "English Name": "Excel Polar Ice Flavoured Sugar Free Chewing Gum, 60 Pieces, 1 Bottle", "Size": "83 g", "Size Label": "ea"}, {"Category": "Candy & Chocolate", "Aisle": "Snacks, Chips & Candy", "Sku": "20310919004_EA", "Regular Price": "4.49", "Sale Price": "3.49", "Image": "https://assets.shop.loblaws.ca/products/20310919004/b1/en/front/20310919004_front_a01_@2.png", "Brand": "Wrigley's", "Url": "https://www.maxi.ca/excel-bubblemint-flavoured-sugar-free-chewing-gum/p/20310919004_EA", "Sub Category": null, "English Name": "Excel Bubblemint Flavoured Sugar Free Chewing Gum, 60 Pieces, 1 Bottle", "Size": "83 g", "Size Label": "ea"}, {"Category": "Candy & Chocolate", "Aisle": "Snacks, Chips & Candy", "Sku": "20937778_EA", "Regular Price": "None", "Sale Price": "2.29", "Image": "https://assets.shop.loblaws.ca/products/20937778/b1/en/front/20937778_front_a01_@2.png", "Brand": "Mars", "Url": "https://www.maxi.ca/peanut-free-chocolate-candy-bar-10-fun-size-bars/p/20937778_EA", "Sub Category": null, "English Name": "Peanut Free Chocolate Candy Bar, 10 Fun Size Bars", "Size": "130 g", "Size Label": "ea"}, {"Category": "Candy & Chocolate", "Aisle": "Snacks, Chips & Candy", "Sku": "21219409_EA", "Regular Price": "None", "Sale Price": "1.00", "Image": "https://assets.shop.loblaws.ca/products/21219409/b1/en/front/21219409_front_a01_@2.png", "Brand": "Carnaby Sweet", "Url": "https://www.maxi.ca/mixed-gummies/p/21219409_EA", "Sub Category": null, "English Name": "Mixed Gummies", "Size": "125 g", "Size Label": "ea"}, {"Category": "Candy & Chocolate", "Aisle": "Snacks, Chips & Candy", "Sku": "21237351_EA", "Regular Price": "1.00", "Sale Price": "0.95", "Image": "https://assets.shop.loblaws.ca/products/21237351/b1/en/front/21237351_front_a01_@2.png", "Brand": "Nestl\u00e9", "Url": "https://www.maxi.ca/kitkat-chunky-milk-chocolate-wafer-bar/p/21237351_EA", "Sub Category": null, "English Name": "KitKat Chunky Milk Chocolate Wafer Bar", "Size": "49 g", "Size Label": "ea"}, {"Category": "Candy & Chocolate", "Aisle": "Snacks, Chips & Candy", "Sku": "20691851_EA", "Regular Price": "None", "Sale Price": "1.59", "Image": "https://assets.shop.loblaws.ca/products/20691851/b1/en/front/20691851_front_a01_@2.png", "Brand": "Cadbury", "Url": "https://www.maxi.ca/caramilk-original-chocolate-bar/p/20691851_EA", "Sub Category": null, "English Name": "Caramilk Original Chocolate Bar", "Size": "50 g", "Size Label": "ea"}, {"Category": "Candy & Chocolate", "Aisle": "Snacks, Chips & Candy", "Sku": "20844528_EA", "Regular Price": "1.00", "Sale Price": "0.95", "Image": "https://assets.shop.loblaws.ca/products/20844528/b1/en/front/20844528_front_a01_@2.png", "Brand": "Nestl\u00e9", "Url": "https://www.maxi.ca/smarties-candy-coated-milk-chocolate-carton/p/20844528_EA", "Sub Category": null, "English Name": "Smarties Candy Coated Milk Chocolate Carton", "Size": "45 g", "Size Label": "ea"}, {"Category": "Candy & Chocolate", "Aisle": "Snacks, Chips & Candy", "Sku": "20176136_EA", "Regular Price": "5.29", "Sale Price": "3.79", "Image": "https://assets.shop.loblaws.ca/products/20176136/b1/en/front/20176136_front_a01_@2.png", "Brand": "Nestl\u00e9", "Url": "https://www.maxi.ca/aero-milk-chocolate-bar/p/20176136_EA", "Sub Category": null, "English Name": "Aero Milk Chocolate Bar", "Size": "4x4.0 ea", "Size Label": "ea"}, {"Category": "Candy & Chocolate", "Aisle": "Snacks, Chips & Candy", "Sku": "20581797_EA", "Regular Price": "None", "Sale Price": "1.69", "Image": "https://assets.shop.loblaws.ca/products/20581797/b1/en/front/20581797_front_a01_@2.png", "Brand": "Oh Henry!", "Url": "https://www.maxi.ca/chocolatey-full-size-candy-bar/p/20581797_EA", "Sub Category": null, "English Name": "Chocolatey Full Size Candy Bar", "Size": "58 g", "Size Label": "ea"}, {"Category": "Candy & Chocolate", "Aisle": "Snacks, Chips & Candy", "Sku": "20695204_EA", "Regular Price": "None", "Sale Price": "1.39", "Image": "https://assets.shop.loblaws.ca/products/20695204/b1/en/front/20695204_front_a01_@2.png", "Brand": "Mars", "Url": "https://www.maxi.ca/peanut-free-chocolate-candy-bar-full-size-bar/p/20695204_EA", "Sub Category": null, "English Name": "Peanut Free Chocolate Candy Bar, Full Size Bar", "Size": "52 g", "Size Label": "ea"}, {"Category": "Candy & Chocolate", "Aisle": "Snacks, Chips & Candy", "Sku": "20312527005_EA", "Regular Price": "4.29", "Sale Price": "3.29", "Image": "https://assets.shop.loblaws.ca/products/20312527005/b1/en/front/20312527005_front_a01_@2.png", "Brand": "Lindt", "Url": "https://www.maxi.ca/excellence-70-cacao-dark-chocolate-bar/p/20312527005_EA", "Sub Category": null, "English Name": "EXCELLENCE 70% Cacao Dark Chocolate Bar", "Size": "100 g", "Size Label": "ea"}, {"Category": "Candy & Chocolate", "Aisle": "Snacks, Chips & Candy", "Sku": "21427024_EA", "Regular Price": "None", "Sale Price": "2.29", "Image": "https://assets.shop.loblaws.ca/products/21427024/b1/en/front/21427024_front_a01_@2.png", "Brand": "Nestl\u00e9", "Url": "https://www.maxi.ca/aero-miniature-milk-chocolate-bars-9-pack/p/21427024_EA", "Sub Category": null, "English Name": "Aero Miniature Milk Chocolate Bars, 9 Pack", "Size": "66 g", "Size Label": "ea"}, {"Category": "Candy & Chocolate", "Aisle": "Snacks, Chips & Candy", "Sku": "21333668_EA", "Regular Price": "None", "Sale Price": "2.29", "Image": "https://assets.shop.loblaws.ca/products/21333668/b1/en/front/21333668_front_a01_@2.png", "Brand": "Reese's", "Url": "https://www.maxi.ca/chocolate-peanut-butter-cups-snack-sized-candy/p/21333668_EA", "Sub Category": null, "English Name": "Chocolate, Peanut Butter Cups Snack Sized Candy", "Size": "124 g", "Size Label": "ea"}, {"Category": "Candy & Chocolate", "Aisle": "Snacks, Chips & Candy", "Sku": "20312527015_EA", "Regular Price": "4.29", "Sale Price": "3.29", "Image": "https://assets.shop.loblaws.ca/products/20312527015/b1/en/front/20312527015_front_a01_@2.png", "Brand": "Lindt", "Url": "https://www.maxi.ca/excellence-caramel-sea-salt-dark-chocolate-bar/p/20312527015_EA", "Sub Category": null, "English Name": "EXCELLENCE Caramel & Sea Salt Dark Chocolate Bar", "Size": "100 g", "Size Label": "ea"}, {"Category": "Candy & Chocolate", "Aisle": "Snacks, Chips & Candy", "Sku": "20638810_EA", "Regular Price": "None", "Sale Price": "1.39", "Image": "https://assets.shop.loblaws.ca/products/20638810/b1/en/front/20638810_front_a01_@2.png", "Brand": "Snickers", "Url": "https://www.maxi.ca/peanut-milk-chocolate-candy-bar-full-size-bar/p/20638810_EA", "Sub Category": null, "English Name": "Peanut Milk Chocolate Candy Bar, Full Size Bar", "Size": "52 g", "Size Label": "ea"}, {"Category": "Candy & Chocolate", "Aisle": "Snacks, Chips & Candy", "Sku": "20022328001_EA", "Regular Price": "None", "Sale Price": "4.49", "Image": "https://assets.shop.loblaws.ca/products/20022328001/b1/en/front/20022328001_front_a01_@2.png", "Brand": "Twizzler", "Url": "https://www.maxi.ca/super-nibs-cherry-candy/p/20022328001_EA", "Sub Category": null, "English Name": "Super Nibs Cherry Candy", "Size": "400 g", "Size Label": "ea"}, {"Category": "Candy & Chocolate", "Aisle": "Snacks, Chips & Candy", "Sku": "21219523_EA", "Regular Price": "None", "Sale Price": "1.00", "Image": "https://assets.shop.loblaws.ca/products/21219523/b1/en/front/21219523_front_a01_@2.png", "Brand": "Carnaby Sweet", "Url": "https://www.maxi.ca/sour-gummy-rings/p/21219523_EA", "Sub Category": null, "English Name": "Sour Gummy Rings", "Size": "125 g", "Size Label": "ea"}, {"Category": "Candy & Chocolate", "Aisle": "Snacks, Chips & Candy", "Sku": "21545554_EA", "Regular Price": "None", "Sale Price": "2.25", "Image": "https://assets.shop.loblaws.ca/products/21545554/b1/en/front/21545554_front_a01_@2.png", "Brand": "Maynards", "Url": "https://www.maxi.ca/kids-soft-candy/p/21545554_EA", "Sub Category": null, "English Name": "Kids Soft Candy", "Size": "150 g", "Size Label": "ea"}, {"Category": "Candy & Chocolate", "Aisle": "Snacks, Chips & Candy", "Sku": "20298217_EA", "Regular Price": "None", "Sale Price": "5.00", "Image": "https://assets.shop.loblaws.ca/products/20298217/b1/en/front/20298217_front_a01_@2.png", "Brand": "President's Choice", "Url": "https://www.maxi.ca/milk-chocolate-bar/p/20298217_EA", "Sub Category": null, "English Name": "Milk Chocolate Bar", "Size": "300 g", "Size Label": "ea"}, {"Category": "Candy & Chocolate", "Aisle": "Snacks, Chips & Candy", "Sku": "21545735_EA", "Regular Price": "None", "Sale Price": "2.25", "Image": "https://assets.shop.loblaws.ca/products/21545735/b1/en/front/21545735_front_a01_@2.png", "Brand": "Maynards", "Url": "https://www.maxi.ca/fuzzy-peach-peach-soft-candy/p/21545735_EA", "Sub Category": null, "English Name": "Fuzzy Peach Peach Soft Candy", "Size": "154 g", "Size Label": "ea"}, {"Category": "Candy & Chocolate", "Aisle": "Snacks, Chips & Candy", "Sku": "21427030_EA", "Regular Price": "None", "Sale Price": "2.29", "Image": "https://assets.shop.loblaws.ca/products/21427030/b1/en/front/21427030_front_a01_@2.png", "Brand": "Nestl\u00e9", "Url": "https://www.maxi.ca/mini-assorted-kitkat-coffee-crisp-aero-and-smartie/p/21427030_EA", "Sub Category": null, "English Name": "Mini Assorted KitKat, Coffee Crisp, Aero and Smarties Chocolate Bars", "Size": "96 g", "Size Label": "ea"}, {"Category": "Candy & Chocolate", "Aisle": "Snacks, Chips & Candy", "Sku": "21203883_EA", "Regular Price": "None", "Sale Price": "2.29", "Image": "https://assets.shop.loblaws.ca/products/21203883/b1/en/front/21203883_front_a01_@2.png", "Brand": "No Name", "Url": "https://www.maxi.ca/ice-cream-cups/p/21203883_EA", "Sub Category": null, "English Name": "Ice Cream Cups", "Size": "1 ea", "Size Label": "ea"}, {"Category": "Candy & Chocolate", "Aisle": "Snacks, Chips & Candy", "Sku": "21333676_EA", "Regular Price": "None", "Sale Price": "2.29", "Image": "https://assets.shop.loblaws.ca/products/21333676/b1/en/front/21333676_front_a01_@2.png", "Brand": "Oh Henry!", "Url": "https://www.maxi.ca/snack-sized-candy-bars/p/21333676_EA", "Sub Category": null, "English Name": "Snack Sized Candy Bars", "Size": "120 g", "Size Label": "ea"}, {"Category": "Candy & Chocolate", "Aisle": "Snacks, Chips & Candy", "Sku": "20338077_EA", "Regular Price": "None", "Sale Price": "4.99", "Image": "https://assets.shop.loblaws.ca/products/20338077/b1/en/front/20338077_front_a01_@2.png", "Brand": "President's Choice", "Url": "https://www.maxi.ca/caramel-syrup/p/20338077_EA", "Sub Category": null, "English Name": "Caramel Syrup", "Size": "428 ml", "Size Label": "ea"}, {"Category": "Candy & Chocolate", "Aisle": "Snacks, Chips & Candy", "Sku": "21528274_EA", "Regular Price": "None", "Sale Price": "12.49", "Image": "https://assets.shop.loblaws.ca/products/21528274/b1/en/front/21528274_front_a01_@2.png", "Brand": "Hershey's", "Url": "https://www.maxi.ca/candy-snack-size-bars/p/21528274_EA", "Sub Category": null, "English Name": "Candy Snack Size Bars", "Size": "513 g", "Size Label": "ea"}, {"Category": "Candy & Chocolate", "Aisle": "Snacks, Chips & Candy", "Sku": "21459640_EA", "Regular Price": "None", "Sale Price": "13.99", "Image": "https://assets.shop.loblaws.ca/products/21459640/b1/en/front/21459640_front_a01_@2.png", "Brand": "Lindt", "Url": "https://www.maxi.ca/assorted-chocolates-advent-calendar/p/21459640_EA", "Sub Category": null, "English Name": "Assorted Chocolates Advent Calendar", "Size": "128 g", "Size Label": "ea"}, {"Category": "Candy & Chocolate", "Aisle": "Snacks, Chips & Candy", "Sku": "21196601_EA", "Regular Price": "None", "Sale Price": "10.99", "Image": "https://assets.shop.loblaws.ca/products/21196601/b1/en/front/21196601_front_a01_@2.png", "Brand": "Lindt", "Url": "https://www.maxi.ca/lindor-70-cacao-dark-chocolate-truffles-box/p/21196601_EA", "Sub Category": null, "English Name": "LINDOR 70% Cacao Dark Chocolate Truffles Box", "Size": "156 g", "Size Label": "ea"}, {"Category": "Candy & Chocolate", "Aisle": "Snacks, Chips & Candy", "Sku": "21309972_EA", "Regular Price": "None", "Sale Price": "1.79", "Image": "https://assets.shop.loblaws.ca/products/21309972/b1/en/front/21309972_front_a01_@2.png", "Brand": "Lindt", "Url": "https://www.maxi.ca/lindor-milk-chocolate-truffles-count-of-3-box/p/21309972_EA", "Sub Category": null, "English Name": "LINDOR Milk Chocolate Truffles, Count of 3 Box", "Size": "36 g", "Size Label": "ea"}, {"Category": "Candy & Chocolate", "Aisle": "Snacks, Chips & Candy", "Sku": "20033073_EA", "Regular Price": "None", "Sale Price": "2.25", "Image": "https://assets.shop.loblaws.ca/products/20033073/b1/en/front/20033073_front_a01_@2.png", "Brand": "Cadbury", "Url": "https://www.maxi.ca/dairy-milk-almond-chocolate-bar/p/20033073_EA", "Sub Category": null, "English Name": "Dairy Milk Almond Chocolate Bar", "Size": "100 g", "Size Label": "ea"}, {"Category": "Candy & Chocolate", "Aisle": "Snacks, Chips & Candy", "Sku": "20305925001_EA", "Regular Price": "None", "Sale Price": "3.29", "Image": "https://assets.shop.loblaws.ca/products/20305925001/b1/en/front/20305925001_front_a01_@2.png", "Brand": "Wrigley's", "Url": "https://www.maxi.ca/excel-spearmint-flavoured-mints-1-tin/p/20305925001_EA", "Sub Category": null, "English Name": "Excel Spearmint Flavoured Mints, 1 Tin", "Size": "34 g", "Size Label": "ea"}, {"Category": "Candy & Chocolate", "Aisle": "Snacks, Chips & Candy", "Sku": "20310919003_EA", "Regular Price": "4.49", "Sale Price": "3.49", "Image": "https://assets.shop.loblaws.ca/products/20310919003/b1/en/front/20310919003_front_a01_@2.png", "Brand": "Wrigley's", "Url": "https://www.maxi.ca/juicy-fruit-fruit-flavoured-chewing-gum-60-pieces/p/20310919003_EA", "Sub Category": null, "English Name": "Juicy Fruit Fruit Flavoured Chewing Gum, 60 Pieces, 1 Bottle", "Size": "83 g", "Size Label": "ea"}, {"Category": "Candy & Chocolate", "Aisle": "Snacks, Chips & Candy", "Sku": "21024405_EA", "Regular Price": "None", "Sale Price": "1.99", "Image": "https://assets.shop.loblaws.ca/products/21024405/b1/en/front/21024405_front_a01_@2.png", "Brand": "Tic Tac", "Url": "https://www.maxi.ca/mints-mint-candy-orange-60-pills/p/21024405_EA", "Sub Category": null, "English Name": "Mints, Mint Candy, Orange, 60 pills", "Size": "29 g", "Size Label": "ea"}, {"Category": "Candy & Chocolate", "Aisle": "Snacks, Chips & Candy", "Sku": "21001232_EA", "Regular Price": "None", "Sale Price": "3.29", "Image": "https://assets.shop.loblaws.ca/products/21001232/b1/en/front/21001232_front_a01_@2.png", "Brand": "Starburst", "Url": "https://www.maxi.ca/gummies-sours/p/21001232_EA", "Sub Category": null, "English Name": "Gummies Sours     ", "Size": "164 g", "Size Label": "ea"}, {"Category": "Candy & Chocolate", "Aisle": "Snacks, Chips & Candy", "Sku": "21219408_EA", "Regular Price": "None", "Sale Price": "1.00", "Image": "https://assets.shop.loblaws.ca/products/21219408/b1/en/front/21219408_front_a01_@2.png", "Brand": "Carnaby Sweet", "Url": "https://www.maxi.ca/strawberry-puffs/p/21219408_EA", "Sub Category": null, "English Name": "Strawberry Puffs ", "Size": "125 g", "Size Label": "ea"}, {"Category": "Candy & Chocolate", "Aisle": "Snacks, Chips & Candy", "Sku": "20854070_EA", "Regular Price": "None", "Sale Price": "2.99", "Image": "https://assets.shop.loblaws.ca/products/20854070/b1/en/front/20854070_front_a01_@2.png", "Brand": "Carnaby Sweet", "Url": "https://www.maxi.ca/gummy-sour-worms/p/20854070_EA", "Sub Category": null, "English Name": "Gummy Sour Worms", "Size": "300 g", "Size Label": "ea"}, {"Category": "Candy & Chocolate", "Aisle": "Snacks, Chips & Candy", "Sku": "20688795001_EA", "Regular Price": "None", "Sale Price": "1.39", "Image": "https://assets.shop.loblaws.ca/products/20688795001/b1/en/front/20688795001_front_a01_@2.png", "Brand": "Wrigley's", "Url": "https://www.maxi.ca/excel-bubblemint-flavoured-sugar-free-chewing-gum/p/20688795001_EA", "Sub Category": null, "English Name": "Excel Bubblemint Flavoured Sugar Free Chewing Gum, 12 Pieces, 1 Pack", "Size": "12 ea", "Size Label": "ea"}, {"Category": "Candy & Chocolate", "Aisle": "Snacks, Chips & Candy", "Sku": "20898814_EA", "Regular Price": "None", "Sale Price": "3.29", "Image": "https://assets.shop.loblaws.ca/products/20898814/b1/en/front/20898814_front_a01_@2.png", "Brand": "Werther's Original", "Url": "https://www.maxi.ca/creamy-caramel-filled-hard-candy/p/20898814_EA", "Sub Category": null, "English Name": "Creamy Caramel Filled Hard Candy", "Size": "135 g", "Size Label": "ea"}, {"Category": "Candy & Chocolate", "Aisle": "Snacks, Chips & Candy", "Sku": "20323087_EA", "Regular Price": "5.29", "Sale Price": "3.79", "Image": "https://assets.shop.loblaws.ca/products/20323087/b1/en/front/20323087_front_a01_@2.png", "Brand": "Nestl\u00e9", "Url": "https://www.maxi.ca/coffee-crisp-wafer-bars-multipack/p/20323087_EA", "Sub Category": null, "English Name": "Coffee Crisp Wafer Bars Multipack", "Size": "4x4.0 ea", "Size Label": "ea"}, {"Category": "Candy & Chocolate", "Aisle": "Snacks, Chips & Candy", "Sku": "21237285_EA", "Regular Price": "None", "Sale Price": "2.49", "Image": "https://assets.shop.loblaws.ca/products/21237285/b1/en/front/21237285_front_a01_@2.png", "Brand": "Nestl\u00e9", "Url": "https://www.maxi.ca/kitkat-hazelnut-crunch-wafer-bar/p/21237285_EA", "Sub Category": null, "English Name": "KitKat Hazelnut Crunch Wafer Bar", "Size": "120 g", "Size Label": "ea"}, {"Category": "Candy & Chocolate", "Aisle": "Snacks, Chips & Candy", "Sku": "20690539_EA", "Regular Price": "None", "Sale Price": "4.49", "Image": "https://assets.shop.loblaws.ca/products/20690539/b1/en/front/20690539_front_a01_@2.png", "Brand": "Cadbury", "Url": "https://www.maxi.ca/caramilk-original-chocolate-bar/p/20690539_EA", "Sub Category": null, "English Name": "Caramilk Original Chocolate Bar", "Size": "4x50.0 g", "Size Label": "ea"}, {"Category": "Candy & Chocolate", "Aisle": "Snacks, Chips & Candy", "Sku": "20886737_EA", "Regular Price": "None", "Sale Price": "21.99", "Image": "https://assets.shop.loblaws.ca/products/20886737/b1/en/front/20886737_front_a01_@2.png", "Brand": "Cadbury", "Url": "https://www.maxi.ca/cross-brand-fun-treats-chocolate/p/20886737_EA", "Sub Category": null, "English Name": "Cross Brand Fun Treats Chocolate", "Size": "1 kg", "Size Label": "ea"}, {"Category": "Candy & Chocolate", "Aisle": "Snacks, Chips & Candy", "Sku": "21024398_EA", "Regular Price": "None", "Sale Price": "1.99", "Image": "https://assets.shop.loblaws.ca/products/21024398/b1/en/front/21024398_front_a01_@2.png", "Brand": "Tic Tac", "Url": "https://www.maxi.ca/mints-mint-candy-fresh-mint-60-pills/p/21024398_EA", "Sub Category": null, "English Name": "Mints, Mint Candy, Fresh Mint, 60 pills", "Size": "29 g", "Size Label": "ea"}, {"Category": "Candy & Chocolate", "Aisle": "Snacks, Chips & Candy", "Sku": "21459646_EA", "Regular Price": "None", "Sale Price": "2.79", "Image": "https://assets.shop.loblaws.ca/products/21459646/b1/en/front/21459646_front_a01_@2.png", "Brand": "President's Choice", "Url": "https://www.maxi.ca/loads-of-fruit-and-nuts-milk-chocolate-dessert-bar/p/21459646_EA", "Sub Category": null, "English Name": "Loads of Fruit and Nuts Milk Chocolate Dessert Bar", "Size": "100 g", "Size Label": "ea"}, {"Category": "Candy & Chocolate", "Aisle": "Snacks, Chips & Candy", "Sku": "21451496_EA", "Regular Price": "None", "Sale Price": "7.99", "Image": "https://assets.shop.loblaws.ca/products/21451496/b1/en/front/21451496_front_a01_@2.png", "Brand": "Brands Unlimited", "Url": "https://www.maxi.ca/gummi-candies-40-pack/p/21451496_EA", "Sub Category": null, "English Name": "Gummi Candies, 40 Pack", "Size": "320 g", "Size Label": "ea"}, {"Category": "Candy & Chocolate", "Aisle": "Snacks, Chips & Candy", "Sku": "20891582_EA", "Regular Price": "None", "Sale Price": "19.99", "Image": "https://assets.shop.loblaws.ca/products/20891582/b1/en/front/20891582_front_a01_@2.png", "Brand": "Maynards", "Url": "https://www.maxi.ca/crossbrands-fun-treats-soft-candy/p/20891582_EA", "Sub Category": null, "English Name": "Crossbrands Fun Treats Soft Candy", "Size": "1.12 kg", "Size Label": "ea"}, {"Category": "Candy & Chocolate", "Aisle": "Snacks, Chips & Candy", "Sku": "20311327002_EA", "Regular Price": "5.49", "Sale Price": "3.99", "Image": "https://assets.shop.loblaws.ca/products/20311327002/b1/en/front/20311327002_front_a01_@2.png", "Brand": "M&M's", "Url": "https://www.maxi.ca/peanut-milk-chocolate-candies-sharing-bag/p/20311327002_EA", "Sub Category": null, "English Name": "Peanut Milk Chocolate Candies, Sharing Bag", "Size": "200 g", "Size Label": "ea"}, {"Category": "Candy & Chocolate", "Aisle": "Snacks, Chips & Candy", "Sku": "20022328008_EA", "Regular Price": "None", "Sale Price": "4.49", "Image": "https://assets.shop.loblaws.ca/products/20022328008/b1/en/front/20022328008_front_a01_@2.png", "Brand": "Twizzler", "Url": "https://www.maxi.ca/pull-n-pull-cherry-candy/p/20022328008_EA", "Sub Category": null, "English Name": "Pull-N-Pull Cherry Candy", "Size": "396 g", "Size Label": "ea"}, {"Category": "Candy & Chocolate", "Aisle": "Snacks, Chips & Candy", "Sku": "21451527_EA", "Regular Price": "None", "Sale Price": "11.49", "Image": "https://assets.shop.loblaws.ca/products/21451527/b1/en/front/21451527_front_a01_@2.png", "Brand": "Nestl\u00e9", "Url": "https://www.maxi.ca/halloween-scary-friends/p/21451527_EA", "Sub Category": null, "English Name": "Halloween Scary Friends", "Size": "328 g", "Size Label": "ea"}, {"Category": "Candy & Chocolate", "Aisle": "Snacks, Chips & Candy", "Sku": "21247054_EA", "Regular Price": "None", "Sale Price": "2.49", "Image": "https://assets.shop.loblaws.ca/products/21247054/b1/en/front/21247054_front_a01_@2.png", "Brand": "Nestl\u00e9", "Url": "https://www.maxi.ca/kitkat-classic-wafer-bar/p/21247054_EA", "Sub Category": null, "English Name": "KitKat Classic Wafer Bar", "Size": "120 g", "Size Label": "ea"}, {"Category": "Candy & Chocolate", "Aisle": "Snacks, Chips & Candy", "Sku": "20307295_EA", "Regular Price": "None", "Sale Price": "5.00", "Image": "https://assets.shop.loblaws.ca/products/20307295/b1/en/front/20307295_front_a01_@2.png", "Brand": "President's Choice", "Url": "https://www.maxi.ca/70-dark-chocolate-bar/p/20307295_EA", "Sub Category": null, "English Name": "70% Dark Chocolate Bar", "Size": "300 g", "Size Label": "ea"}, {"Category": "Candy & Chocolate", "Aisle": "Snacks, Chips & Candy", "Sku": "21424498_EA", "Regular Price": "None", "Sale Price": "3.29", "Image": "https://assets.shop.loblaws.ca/products/21424498/b1/en/front/21424498_front_a01_@2.png", "Brand": "Skittles", "Url": "https://www.maxi.ca/wild-berry-gummy-candy-bag/p/21424498_EA", "Sub Category": null, "English Name": "Wild Berry Gummy Candy, Bag", "Size": "165 g", "Size Label": "ea"}, {"Category": "Candy & Chocolate", "Aisle": "Snacks, Chips & Candy", "Sku": "20299579001_EA", "Regular Price": "None", "Sale Price": "1.99", "Image": "https://assets.shop.loblaws.ca/products/20299579001/b1/en/front/20299579001_front_a01_@2.png", "Brand": "Nestl\u00e9", "Url": "https://www.maxi.ca/coffee-crisp-2-pack-wafer-bars/p/20299579001_EA", "Sub Category": null, "English Name": "COFFEE CRISP 2-Pack Wafer Bars", "Size": "75 g", "Size Label": "ea"}, {"Category": "Candy & Chocolate", "Aisle": "Snacks, Chips & Candy", "Sku": "21445099_EA", "Regular Price": "None", "Sale Price": "1.99", "Image": "https://assets.shop.loblaws.ca/products/21445099/b1/en/front/21445099_front_a01_@2.png", "Brand": "Nestl\u00e9", "Url": "https://www.maxi.ca/chunky-king-size-bar/p/21445099_EA", "Sub Category": null, "English Name": "Chunky King Size Bar", "Size": "85 g", "Size Label": "ea"}, {"Category": "Candy & Chocolate", "Aisle": "Snacks, Chips & Candy", "Sku": "20803228_EA", "Regular Price": "None", "Sale Price": "13.99", "Image": "https://assets.shop.loblaws.ca/products/20803228/b1/en/front/20803228_front_a01_@2.png", "Brand": "Kinder", "Url": "https://www.maxi.ca/christmas-advent-calendar-pink-24-count-assorted-c/p/20803228_EA", "Sub Category": null, "English Name": "Christmas Advent Calendar, Pink, 24 Count Assorted Chocolates", "Size": "182 g", "Size Label": "ea"}, {"Category": "Candy & Chocolate", "Aisle": "Snacks, Chips & Candy", "Sku": "20800904_EA", "Regular Price": "None", "Sale Price": "13.99", "Image": "https://assets.shop.loblaws.ca/products/20800904/b1/en/front/20800904_front_a01_@2.png", "Brand": "Kinder", "Url": "https://www.maxi.ca/christmas-advent-calendar-24-count-assorted-chocol/p/20800904_EA", "Sub Category": null, "English Name": "Christmas Advent Calendar, 24 Count Assorted Chocolate", "Size": "182 g", "Size Label": "ea"}, {"Category": "Candy & Chocolate", "Aisle": "Snacks, Chips & Candy", "Sku": "21451529_EA", "Regular Price": "None", "Sale Price": "7.99", "Image": "https://assets.shop.loblaws.ca/products/21451529/b1/en/front/21451529_front_a01_@2.png", "Brand": "Brands Unlimited", "Url": "https://www.maxi.ca/candy-bracelets-40-pieces/p/21451529_EA", "Sub Category": null, "English Name": "Candy Bracelets, 40 Pieces", "Size": "400 g", "Size Label": "ea"}, {"Category": "Candy & Chocolate", "Aisle": "Snacks, Chips & Candy", "Sku": "21452986_EA", "Regular Price": "None", "Sale Price": "2.79", "Image": "https://assets.shop.loblaws.ca/products/21452986/b1/en/front/21452986_front_a01_@2.png", "Brand": "Hershey's", "Url": "https://www.maxi.ca/candy-cookies-n-creme/p/21452986_EA", "Sub Category": null, "English Name": "Candy Cookies 'N' Creme", "Size": "108 g", "Size Label": "ea"}, {"Category": "Candy & Chocolate", "Aisle": "Snacks, Chips & Candy", "Sku": "21237263_EA", "Regular Price": "None", "Sale Price": "2.49", "Image": "https://assets.shop.loblaws.ca/products/21237263/b1/en/front/21237263_front_a01_@2.png", "Brand": "Nestl\u00e9", "Url": "https://www.maxi.ca/kitkat-caramel-crisp-wafer-bar/p/21237263_EA", "Sub Category": null, "English Name": "KitKat Caramel Crisp Wafer Bar", "Size": "120 g", "Size Label": "ea"}, {"Category": "Candy & Chocolate", "Aisle": "Snacks, Chips & Candy", "Sku": "21452553_EA", "Regular Price": "12.99", "Sale Price": "10.99", "Image": "https://assets.shop.loblaws.ca/products/21452553/b1/en/front/21452553_front_a01_@2.png", "Brand": "Mars", "Url": "https://www.maxi.ca/fruity-halloween-candy-individually-wrapped-fun-si/p/21452553_EA", "Sub Category": null, "English Name": "Fruity Halloween Candy, Individually Wrapped Fun Size Assortment, 70 Count", "Size": "825 g", "Size Label": "ea"}, {"Category": "Candy & Chocolate", "Aisle": "Snacks, Chips & Candy", "Sku": "20095745_EA", "Regular Price": "None", "Sale Price": "4.79", "Image": "https://assets.shop.loblaws.ca/products/20095745/b1/en/front/20095745_front_a01_@2.png", "Brand": "President's Choice", "Url": "https://www.maxi.ca/old-fashioned-butterscotch-ice-cream-dessert-toppi/p/20095745_EA", "Sub Category": null, "English Name": "Old Fashioned Butterscotch Ice Cream & Dessert Topping", "Size": "355 ml", "Size Label": "ea"}, {"Category": "Candy & Chocolate", "Aisle": "Snacks, Chips & Candy", "Sku": "20311327001_EA", "Regular Price": "5.49", "Sale Price": "3.99", "Image": "https://assets.shop.loblaws.ca/products/20311327001/b1/en/front/20311327001_front_a01_@2.png", "Brand": "M&M's", "Url": "https://www.maxi.ca/milk-chocolate-candies-sharing-bag/p/20311327001_EA", "Sub Category": null, "English Name": "Milk Chocolate Candies, Sharing Bag", "Size": "200 g", "Size Label": "ea"}, {"Category": "Candy & Chocolate", "Aisle": "Snacks, Chips & Candy", "Sku": "20296856001_EA", "Regular Price": "None", "Sale Price": "3.49", "Image": "https://assets.shop.loblaws.ca/products/20296856001/b1/en/front/20296856001_front_a01_@2.png", "Brand": "Lindt", "Url": "https://www.maxi.ca/swiss-classic-milk-chocolate-bar/p/20296856001_EA", "Sub Category": null, "English Name": "SWISS CLASSIC Milk Chocolate Bar", "Size": "100 g", "Size Label": "ea"}, {"Category": "Candy & Chocolate", "Aisle": "Snacks, Chips & Candy", "Sku": "21237530_EA", "Regular Price": "None", "Sale Price": "2.49", "Image": "https://assets.shop.loblaws.ca/products/21237530/b1/en/front/21237530_front_a01_@2.png", "Brand": "Aero", "Url": "https://www.maxi.ca/black-forest-cake/p/21237530_EA", "Sub Category": null, "English Name": "Black Forest Cake", "Size": "105 g", "Size Label": "ea"}, {"Category": "Candy & Chocolate", "Aisle": "Snacks, Chips & Candy", "Sku": "20309672003_EA", "Regular Price": "None", "Sale Price": "1.39", "Image": "https://assets.shop.loblaws.ca/products/20309672003/b1/en/front/20309672003_front_a01_@2.png", "Brand": "Wrigley's", "Url": "https://www.maxi.ca/excel-polar-ice-flavoured-sugar-free-chewing-gum-1/p/20309672003_EA", "Sub Category": null, "English Name": "Excel Polar Ice Flavoured Sugar Free Chewing Gum, 12 Pieces, 1 Pack", "Size": "12 ea", "Size Label": "ea"}, {"Category": "Candy & Chocolate", "Aisle": "Snacks, Chips & Candy", "Sku": "20701265_EA", "Regular Price": "None", "Sale Price": "3.49", "Image": "https://assets.shop.loblaws.ca/products/20701265/b1/en/front/20701265_front_a01_@2.png", "Brand": "Lindt", "Url": "https://www.maxi.ca/swiss-classic-crunchy-milk-chocolate-bar/p/20701265_EA", "Sub Category": null, "English Name": "SWISS CLASSIC Crunchy Milk Chocolate Bar", "Size": "100 g", "Size Label": "ea"}, {"Category": "Candy & Chocolate", "Aisle": "Snacks, Chips & Candy", "Sku": "21424499_EA", "Regular Price": "None", "Sale Price": "3.29", "Image": "https://assets.shop.loblaws.ca/products/21424499/b1/en/front/21424499_front_a01_@2.png", "Brand": "Skittles", "Url": "https://www.maxi.ca/original-gummy-candy-bag/p/21424499_EA", "Sub Category": null, "English Name": "Original Gummy Candy, Bag", "Size": "164 g", "Size Label": "ea"}, {"Category": "Candy & Chocolate", "Aisle": "Snacks, Chips & Candy", "Sku": "20296856003_EA", "Regular Price": "None", "Sale Price": "3.49", "Image": "https://assets.shop.loblaws.ca/products/20296856003/b1/en/front/20296856003_front_a01_@2.png", "Brand": "Lindt", "Url": "https://www.maxi.ca/swiss-classic-white-chocolate-bar/p/20296856003_EA", "Sub Category": null, "English Name": "SWISS CLASSIC White Chocolate Bar", "Size": "100 g", "Size Label": "ea"}, {"Category": "Candy & Chocolate", "Aisle": "Snacks, Chips & Candy", "Sku": "20313925_EA", "Regular Price": "5.29", "Sale Price": "3.99", "Image": "https://assets.shop.loblaws.ca/products/20313925/b1/en/front/20313925_front_a01_@2.png", "Brand": "Mars", "Url": "https://www.maxi.ca/peanut-free-chocolate-candy-bar-4-full-size-bars/p/20313925_EA", "Sub Category": null, "English Name": "Peanut Free Chocolate Candy Bar, 4 Full Size Bars", "Size": "208 g", "Size Label": "ea"}, {"Category": "Candy & Chocolate", "Aisle": "Snacks, Chips & Candy", "Sku": "20741445_EA", "Regular Price": "None", "Sale Price": "1.99", "Image": "https://assets.shop.loblaws.ca/products/20741445/b1/en/front/20741445_front_a01_@2.png", "Brand": "FERRERO ROCHER", "Url": "https://www.maxi.ca/fine-hazelnut-chocolate-3-individually-wrapped-cho/p/20741445_EA", "Sub Category": null, "English Name": "Fine Hazelnut Chocolate, 3 Individually Wrapped Chocolates", "Size": "37.5 g", "Size Label": "ea"}, {"Category": "Candy & Chocolate", "Aisle": "Snacks, Chips & Candy", "Sku": "20301845003_EA", "Regular Price": "4.29", "Sale Price": "3.29", "Image": "https://assets.shop.loblaws.ca/products/20301845003/b1/en/front/20301845003_front_a01_@2.png", "Brand": "Lindt", "Url": "https://www.maxi.ca/excellence-roasted-almond-dark-chocolate-bar/p/20301845003_EA", "Sub Category": null, "English Name": "EXCELLENCE Roasted Almond Dark Chocolate Bar", "Size": "100 g", "Size Label": "ea"}, {"Category": "Candy & Chocolate", "Aisle": "Snacks, Chips & Candy", "Sku": "21459653_EA", "Regular Price": "None", "Sale Price": "13.99", "Image": "https://assets.shop.loblaws.ca/products/21459653/b1/en/front/21459653_front_a01_@2.png", "Brand": "Lindt", "Url": "https://www.maxi.ca/lindor-assorted-chocolates-with-delectably-smooth/p/21459653_EA", "Sub Category": null, "English Name": "Lindor Assorted Chocolates With Delectably Smooth Centres Advent Calendar", "Size": "158 g", "Size Label": "ea"}, {"Category": "Candy & Chocolate", "Aisle": "Snacks, Chips & Candy", "Sku": "21001357_EA", "Regular Price": "None", "Sale Price": "3.29", "Image": "https://assets.shop.loblaws.ca/products/21001357/b1/en/front/21001357_front_a01_@2.png", "Brand": "Starburst", "Url": "https://www.maxi.ca/gummies-original/p/21001357_EA", "Sub Category": null, "English Name": "Gummies Original     ", "Size": "164 g", "Size Label": "ea"}, {"Category": "Candy & Chocolate", "Aisle": "Snacks, Chips & Candy", "Sku": "21459658_EA", "Regular Price": "None", "Sale Price": "2.79", "Image": "https://assets.shop.loblaws.ca/products/21459658/b1/en/front/21459658_front_a01_@2.png", "Brand": "President's Choice", "Url": "https://www.maxi.ca/world-of-flavours-pistachio-rose-flavour-and-sea-s/p/21459658_EA", "Sub Category": null, "English Name": "World of Flavours Pistachio, Rose Flavour, and Sea Salt White Chocolate Dessert Bar", "Size": "100 g", "Size Label": "ea"}, {"Category": "Candy & Chocolate", "Aisle": "Snacks, Chips & Candy", "Sku": "20315886001_EA", "Regular Price": "None", "Sale Price": "2.19", "Image": "https://assets.shop.loblaws.ca/products/20315886001/b1/en/front/20315886001_front_a01_@2.png", "Brand": "Wrigley's", "Url": "https://www.maxi.ca/5-peppermint-cobalt-flavoured-sugar-free-chewing-g/p/20315886001_EA", "Sub Category": null, "English Name": "5 Peppermint-Cobalt Flavoured Sugar Free Chewing Gum, 15 Sticks, 1 Pack", "Size": "1 ea", "Size Label": "ea"}, {"Category": "Candy & Chocolate", "Aisle": "Snacks, Chips & Candy", "Sku": "21452495_EA", "Regular Price": "None", "Sale Price": "15.99", "Image": "https://assets.shop.loblaws.ca/products/21452495/b1/en/front/21452495_front_a01_@2.png", "Brand": "Mixed Chicks", "Url": "https://www.maxi.ca/mixed-carton-halloween-carton/p/21452495_EA", "Sub Category": null, "English Name": "Mixed Carton Halloween Carton", "Size": "782 g", "Size Label": "ea"}, {"Category": "Candy & Chocolate", "Aisle": "Snacks, Chips & Candy", "Sku": "20573405_EA", "Regular Price": "None", "Sale Price": "5.29", "Image": "https://assets.shop.loblaws.ca/products/20573405/b1/en/front/20573405_front_a01_@2.png", "Brand": "Reese's", "Url": "https://www.maxi.ca/candy-peanut-butter-cups/p/20573405_EA", "Sub Category": null, "English Name": "Candy Peanut Butter Cups", "Size": "184 g", "Size Label": "ea"}, {"Category": "Candy & Chocolate", "Aisle": "Snacks, Chips & Candy", "Sku": "20313422_EA", "Regular Price": "None", "Sale Price": "2.79", "Image": "https://assets.shop.loblaws.ca/products/20313422/b1/en/front/20313422_front_a01_@2.png", "Brand": "Hershey's", "Url": "https://www.maxi.ca/creamy-milk-chocolate-family-size-bar/p/20313422_EA", "Sub Category": null, "English Name": "Creamy Milk Chocolate Family Size Bar", "Size": "100 g", "Size Label": "ea"}, {"Category": "Candy & Chocolate", "Aisle": "Snacks, Chips & Candy", "Sku": "20094400_EA", "Regular Price": "None", "Sale Price": "3.19", "Image": "https://assets.shop.loblaws.ca/products/20094400/b1/en/front/20094400_front_a01_@2.png", "Brand": "Smuckers", "Url": "https://www.maxi.ca/magic-shell-chocolate-flavoured-topping/p/20094400_EA", "Sub Category": null, "English Name": "Magic Shell Chocolate Flavoured Topping", "Size": "205 g", "Size Label": "ea"}, {"Category": "Candy & Chocolate", "Aisle": "Snacks, Chips & Candy", "Sku": "21528277_EA", "Regular Price": "None", "Sale Price": "12.49", "Image": "https://assets.shop.loblaws.ca/products/21528277/b1/en/front/21528277_front_a01_@2.png", "Brand": "Hershey's", "Url": "https://www.maxi.ca/candy-snack-size-bars/p/21528277_EA", "Sub Category": null, "English Name": "Candy Snack Size Bars", "Size": "582 g", "Size Label": "ea"}, {"Category": "Candy & Chocolate", "Aisle": "Snacks, Chips & Candy", "Sku": "21237306_EA", "Regular Price": "None", "Sale Price": "2.49", "Image": "https://assets.shop.loblaws.ca/products/21237306/b1/en/front/21237306_front_a01_@2.png", "Brand": "Nestl\u00e9", "Url": "https://www.maxi.ca/kitkat-cookie-crumble-wafer-bar/p/21237306_EA", "Sub Category": null, "English Name": "KitKat Cookie Crumble Wafer Bar", "Size": "120 g", "Size Label": "ea"}, {"Category": "Candy & Chocolate", "Aisle": "Snacks, Chips & Candy", "Sku": "21109283_EA", "Regular Price": "None", "Sale Price": "2.00", "Image": "https://assets.shop.loblaws.ca/products/21109283/b1/en/front/21109283_front_a01_@2.png", "Brand": "Mondoux", "Url": "https://www.maxi.ca/sweet-sour-mixed-gummies/p/21109283_EA", "Sub Category": null, "English Name": "Sweet & Sour Mixed Gummies", "Size": "185 g", "Size Label": "ea"}, {"Category": "Candy & Chocolate", "Aisle": "Snacks, Chips & Candy", "Sku": "20795842_EA", "Regular Price": "None", "Sale Price": "7.99", "Image": "https://assets.shop.loblaws.ca/products/20795842/b1/en/front/20795842_front_a01_@2.png", "Brand": "Kelloggs", "Url": "https://www.maxi.ca/rice-krispies-treats-mini-squares-halloween/p/20795842_EA", "Sub Category": null, "English Name": "Rice Krispies Treats Mini Squares, Halloween", "Size": "440 g", "Size Label": "ea"}, {"Category": "Candy & Chocolate", "Aisle": "Snacks, Chips & Candy", "Sku": "20688799001_EA", "Regular Price": "None", "Sale Price": "1.59", "Image": "https://assets.shop.loblaws.ca/products/20688799001/b1/en/front/20688799001_front_a01_@2.png", "Brand": "Cadbury", "Url": "https://www.maxi.ca/mr-big-bar/p/20688799001_EA", "Sub Category": null, "English Name": "Mr. Big Bar", "Size": "60 g", "Size Label": "ea"}, {"Category": "Candy & Chocolate", "Aisle": "Snacks, Chips & Candy", "Sku": "21452495_EA", "Regular Price": "None", "Sale Price": "15.99", "Image": "https://assets.shop.loblaws.ca/products/21452495/b1/en/front/21452495_front_a01_@2.png", "Brand": "Mixed Chicks", "Url": "https://www.maxi.ca/mixed-carton-halloween-carton/p/21452495_EA", "Sub Category": null, "English Name": "Mixed Carton Halloween Carton", "Size": "782 g", "Size Label": "ea"}, {"Category": "Candy & Chocolate", "Aisle": "Snacks, Chips & Candy", "Sku": "20574273_EA", "Regular Price": "None", "Sale Price": "1.99", "Image": "https://assets.shop.loblaws.ca/products/20574273/b1/en/front/20574273_front_a01_@2.png", "Brand": "Nestl\u00e9", "Url": "https://www.maxi.ca/kitkat-sharing-bar/p/20574273_EA", "Sub Category": null, "English Name": "KitKat Sharing Bar", "Size": "73 g", "Size Label": "ea"}, {"Category": "Candy & Chocolate", "Aisle": "Snacks, Chips & Candy", "Sku": "20122562_EA", "Regular Price": "None", "Sale Price": "1.79", "Image": "https://assets.shop.loblaws.ca/products/20122562/b1/en/front/20122562_front_a01_@2.png", "Brand": "Kinder", "Url": "https://www.maxi.ca/bueno-milk-chocolate-and-hazelnut-cream-candy-bars/p/20122562_EA", "Sub Category": null, "English Name": "BUENO Milk Chocolate and Hazelnut Cream Candy Bars, Single Pack contains 2 Individually Wrapped Bars", "Size": "43 g", "Size Label": "ea"}, {"Category": "Candy & Chocolate", "Aisle": "Snacks, Chips & Candy", "Sku": "21190515_EA", "Regular Price": "None", "Sale Price": "7.99", "Image": "https://assets.shop.loblaws.ca/products/21190515/b1/en/front/21190515_front_a01_@2.png", "Brand": "President's Choice", "Url": "https://www.maxi.ca/milk-chocolate-advent-calendar/p/21190515_EA", "Sub Category": null, "English Name": "Milk Chocolate Advent Calendar", "Size": "110 g", "Size Label": "ea"}, {"Category": "Candy & Chocolate", "Aisle": "Snacks, Chips & Candy", "Sku": "21459644_EA", "Regular Price": "None", "Sale Price": "13.99", "Image": "https://assets.shop.loblaws.ca/products/21459644/b1/en/front/21459644_front_a01_@2.png", "Brand": "Lindt", "Url": "https://www.maxi.ca/assorted-chocolates-advent-calendar/p/21459644_EA", "Sub Category": null, "English Name": "Assorted Chocolates Advent Calendar", "Size": "128 g", "Size Label": "ea"}, {"Category": "Candy & Chocolate", "Aisle": "Snacks, Chips & Candy", "Sku": "21451401_EA", "Regular Price": "None", "Sale Price": "16.49", "Image": "https://assets.shop.loblaws.ca/products/21451401/b1/en/front/21451401_front_a01_@2.png", "Brand": "Mondoux", "Url": "https://www.maxi.ca/mega-candy-bag/p/21451401_EA", "Sub Category": null, "English Name": "Mega Candy Bag", "Size": "1500 g", "Size Label": "ea"}, {"Category": "Candy & Chocolate", "Aisle": "Snacks, Chips & Candy", "Sku": "21551176_EA", "Regular Price": "None", "Sale Price": "2.19", "Image": "https://assets.shop.loblaws.ca/products/21551176/b1/en/front/21551176_front_a01_@2.png", "Brand": "Ferrero", "Url": "https://www.maxi.ca/crisp-coconut-specialty-whole-almond/p/21551176_EA", "Sub Category": null, "English Name": "Crisp Coconut Specialty Whole Almond", "Size": "30 g", "Size Label": "ea"}, {"Category": "Candy & Chocolate", "Aisle": "Snacks, Chips & Candy", "Sku": "21459703_EA", "Regular Price": "None", "Sale Price": "13.99", "Image": "https://assets.shop.loblaws.ca/products/21459703/b1/en/front/21459703_front_a01_@2.png", "Brand": "Nestl\u00e9", "Url": "https://www.maxi.ca/north-pole-friends-holiday-advent-calendar/p/21459703_EA", "Sub Category": null, "English Name": "North Pole Friends Holiday Advent Calendar", "Size": "210 g", "Size Label": "ea"}, {"Category": "Candy & Chocolate", "Aisle": "Snacks, Chips & Candy", "Sku": "20692716006_EA", "Regular Price": "None", "Sale Price": "1.39", "Image": "https://assets.shop.loblaws.ca/products/20692716006/b1/en/front/20692716006_front_a01_@2.png", "Brand": "Dentyne", "Url": "https://www.maxi.ca/ice-spearmint-gum/p/20692716006_EA", "Sub Category": null, "English Name": "Ice Spearmint Gum", "Size": "1 ea", "Size Label": "ea"}, {"Category": "Candy & Chocolate", "Aisle": "Snacks, Chips & Candy", "Sku": "20309672001_EA", "Regular Price": "None", "Sale Price": "1.39", "Image": "https://assets.shop.loblaws.ca/products/20309672001/b1/en/front/20309672001_front_a01_@2.png", "Brand": "Wrigley's", "Url": "https://www.maxi.ca/excel-peppermint-flavoured-sugar-free-chewing-gum/p/20309672001_EA", "Sub Category": null, "English Name": "Excel Peppermint Flavoured Sugar Free Chewing Gum, 12 Pieces, 1 Pack", "Size": "12 ea", "Size Label": "ea"}, {"Category": "Candy & Chocolate", "Aisle": "Snacks, Chips & Candy", "Sku": "20318268002_EA", "Regular Price": "None", "Sale Price": "3.29", "Image": "https://assets.shop.loblaws.ca/products/20318268002/b1/en/front/20318268002_front_a01_@2.png", "Brand": "LIFESAVERS", "Url": "https://www.maxi.ca/wint-o-green-candy-mints-bag/p/20318268002_EA", "Sub Category": null, "English Name": "Wint O Green Candy Mints, Bag", "Size": "150 g", "Size Label": "ea"}, {"Category": "Candy & Chocolate", "Aisle": "Snacks, Chips & Candy", "Sku": "21545669_EA", "Regular Price": "None", "Sale Price": "2.25", "Image": "https://assets.shop.loblaws.ca/products/21545669/b1/en/front/21545669_front_a01_@2.png", "Brand": "Maynards", "Url": "https://www.maxi.ca/big-headz/p/21545669_EA", "Sub Category": null, "English Name": "Big Headz", "Size": "154 g", "Size Label": "ea"}, {"Category": "Candy & Chocolate", "Aisle": "Snacks, Chips & Candy", "Sku": "21545647_EA", "Regular Price": "None", "Sale Price": "2.25", "Image": "https://assets.shop.loblaws.ca/products/21545647/b1/en/front/21545647_front_a01_@2.png", "Brand": "Maynards", "Url": "https://www.maxi.ca/berries-soft-candy/p/21545647_EA", "Sub Category": null, "English Name": "Berries Soft Candy", "Size": "150 g", "Size Label": "ea"}, {"Category": "Candy & Chocolate", "Aisle": "Snacks, Chips & Candy", "Sku": "21219320_EA", "Regular Price": "None", "Sale Price": "1.00", "Image": "https://assets.shop.loblaws.ca/products/21219320/b1/en/front/21219320_front_a01_@2.png", "Brand": "Carnaby Sweet", "Url": "https://www.maxi.ca/gummy-fish/p/21219320_EA", "Sub Category": null, "English Name": "Gummy Fish", "Size": "125 g", "Size Label": "ea"}, {"Category": "Candy & Chocolate", "Aisle": "Snacks, Chips & Candy", "Sku": "21424951_EA", "Regular Price": "None", "Sale Price": "2.49", "Image": "https://assets.shop.loblaws.ca/products/21424951/b1/en/front/21424951_front_a01_@2.png", "Brand": "Nestl\u00e9", "Url": "https://www.maxi.ca/kitkat-gooey-double-chocolate-bar/p/21424951_EA", "Sub Category": null, "English Name": "Kitkat Gooey Double Chocolate Bar", "Size": "112 g", "Size Label": "ea"}, {"Category": "Candy & Chocolate", "Aisle": "Snacks, Chips & Candy", "Sku": "20958232_EA", "Regular Price": "None", "Sale Price": "2.49", "Image": "https://assets.shop.loblaws.ca/products/20958232/b1/en/front/20958232_front_a01_@2.png", "Brand": "Cadbury", "Url": "https://www.maxi.ca/caramilk-original-chocolate-bar-minis/p/20958232_EA", "Sub Category": null, "English Name": "Caramilk Original Chocolate Bar-Minis", "Size": "105 g", "Size Label": "ea"}, {"Category": "Candy & Chocolate", "Aisle": "Snacks, Chips & Candy", "Sku": "21391610_EA", "Regular Price": "None", "Sale Price": "3.19", "Image": "https://assets.shop.loblaws.ca/products/21391610/b1/en/front/21391610_front_a01_@2.png", "Brand": "Dare", "Url": "https://www.maxi.ca/gummies-medley/p/21391610_EA", "Sub Category": null, "English Name": "Gummies Medley", "Size": "180 g", "Size Label": "ea"}, {"Category": "Candy & Chocolate", "Aisle": "Snacks, Chips & Candy", "Sku": "21428863_EA", "Regular Price": "None", "Sale Price": "4.49", "Image": "https://assets.shop.loblaws.ca/products/21428863/b1/en/front/21428863_front_a01_@2.png", "Brand": "FERRERO ROCHER", "Url": "https://www.maxi.ca/premium-chocolate-bar-milk-chocolate-and-hazelnut/p/21428863_EA", "Sub Category": null, "English Name": "Premium Chocolate Bar, Milk Chocolate and Hazelnut Bar", "Size": "90 g", "Size Label": "ea"}, {"Category": "Candy & Chocolate", "Aisle": "Snacks, Chips & Candy", "Sku": "21338333_EA", "Regular Price": "None", "Sale Price": "2.25", "Image": "https://assets.shop.loblaws.ca/products/21338333/b1/en/front/21338333_front_a01_@2.png", "Brand": "Cadbury", "Url": "https://www.maxi.ca/dairy-milk-chocolate-indulgence-chocolate-bar/p/21338333_EA", "Sub Category": null, "English Name": "Dairy Milk Chocolate Indulgence Chocolate Bar", "Size": "95 g", "Size Label": "ea"}, {"Category": "Candy & Chocolate", "Aisle": "Snacks, Chips & Candy", "Sku": "20295887002_EA", "Regular Price": "None", "Sale Price": "4.29", "Image": "https://assets.shop.loblaws.ca/products/20295887002/b1/en/front/20295887002_front_a01_@2.png", "Brand": "TRIDENT", "Url": "https://www.maxi.ca/splash-strawberry-kiwi-gum/p/20295887002_EA", "Sub Category": null, "English Name": "Splash Strawberry Kiwi Gum", "Size": "40 ea", "Size Label": "ea"}, {"Category": "Candy & Chocolate", "Aisle": "Snacks, Chips & Candy", "Sku": "20312527010_EA", "Regular Price": "4.29", "Sale Price": "3.29", "Image": "https://assets.shop.loblaws.ca/products/20312527010/b1/en/front/20312527010_front_a01_@2.png", "Brand": "Lindt", "Url": "https://www.maxi.ca/excellence-90-cacao-dark-chocolate-bar/p/20312527010_EA", "Sub Category": null, "English Name": "EXCELLENCE 90% Cacao Dark Chocolate Bar", "Size": "100 g", "Size Label": "ea"}, {"Category": "Candy & Chocolate", "Aisle": "Snacks, Chips & Candy", "Sku": "20751031_EA", "Regular Price": "None", "Sale Price": "5.49", "Image": "https://assets.shop.loblaws.ca/products/20751031/b1/en/front/20751031_front_a01_@2.png", "Brand": "Kinder", "Url": "https://www.maxi.ca/surprise-milk-chocolate-eggs-with-toys-classic-edi/p/20751031_EA", "Sub Category": null, "English Name": "SURPRISE\u00ae Milk Chocolate Eggs with Toys, Classic Edition, 3 Pack", "Size": "60 g", "Size Label": "ea"}, {"Category": "Candy & Chocolate", "Aisle": "Snacks, Chips & Candy", "Sku": "20309672002_EA", "Regular Price": "None", "Sale Price": "1.39", "Image": "https://assets.shop.loblaws.ca/products/20309672002/b1/en/front/20309672002_front_a01_@2.png", "Brand": "Wrigley's", "Url": "https://www.maxi.ca/excel-excel-spearmint-flavoured-sugar-free-chewing/p/20309672002_EA", "Sub Category": null, "English Name": "Excel excel Spearmint Flavoured Sugar Free Chewing Gum, 12 Pieces, 1 Pack", "Size": "12 ea", "Size Label": "ea"}, {"Category": "Candy & Chocolate", "Aisle": "Snacks, Chips & Candy", "Sku": "20312527003_EA", "Regular Price": "4.29", "Sale Price": "3.29", "Image": "https://assets.shop.loblaws.ca/products/20312527003/b1/en/front/20312527003_front_a01_@2.png", "Brand": "Lindt", "Url": "https://www.maxi.ca/excellence-extra-creamy-milk-chocolate-bar/p/20312527003_EA", "Sub Category": null, "English Name": "EXCELLENCE Extra Creamy Milk Chocolate Bar", "Size": "100 g", "Size Label": "ea"}, {"Category": "Candy & Chocolate", "Aisle": "Snacks, Chips & Candy", "Sku": "21545605_EA", "Regular Price": "None", "Sale Price": "2.25", "Image": "https://assets.shop.loblaws.ca/products/21545605/b1/en/front/21545605_front_a01_@2.png", "Brand": "Maynards", "Url": "https://www.maxi.ca/swedish-berries-soft-candy/p/21545605_EA", "Sub Category": null, "English Name": "Swedish Berries  Soft Candy", "Size": "154 g", "Size Label": "ea"}, {"Category": "Candy & Chocolate", "Aisle": "Snacks, Chips & Candy", "Sku": "21203830_EA", "Regular Price": "None", "Sale Price": "2.29", "Image": "https://assets.shop.loblaws.ca/products/21203830/b1/en/front/21203830_front_a01_@2.png", "Brand": "No Name", "Url": "https://www.maxi.ca/ice-cream-cones/p/21203830_EA", "Sub Category": null, "English Name": "Ice Cream Cones", "Size": "1 ea", "Size Label": "ea"}, {"Category": "Candy & Chocolate", "Aisle": "Snacks, Chips & Candy", "Sku": "20312527007_EA", "Regular Price": "4.29", "Sale Price": "3.29", "Image": "https://assets.shop.loblaws.ca/products/20312527007/b1/en/front/20312527007_front_a01_@2.png", "Brand": "Lindt", "Url": "https://www.maxi.ca/excellence-orange-intense-dark-chocolate-bar/p/20312527007_EA", "Sub Category": null, "English Name": "EXCELLENCE Orange Intense Dark Chocolate Bar", "Size": "100 g", "Size Label": "ea"}, {"Category": "Candy & Chocolate", "Aisle": "Snacks, Chips & Candy", "Sku": "21351029_EA", "Regular Price": "None", "Sale Price": "2.49", "Image": "https://assets.shop.loblaws.ca/products/21351029/b1/en/front/21351029_front_a01_@2.png", "Brand": "Nestl\u00e9", "Url": "https://www.maxi.ca/aero-truffle-tiramisu/p/21351029_EA", "Sub Category": null, "English Name": "Aero Truffle Tiramisu", "Size": "105 g", "Size Label": "ea"}, {"Category": "Candy & Chocolate", "Aisle": "Snacks, Chips & Candy", "Sku": "21545665_EA", "Regular Price": "None", "Sale Price": "2.25", "Image": "https://assets.shop.loblaws.ca/products/21545665/b1/en/front/21545665_front_a01_@2.png", "Brand": "Maynards", "Url": "https://www.maxi.ca/cherry-blasters-soft-candy/p/21545665_EA", "Sub Category": null, "English Name": "Cherry Blasters Soft Candy", "Size": "154 g", "Size Label": "ea"}, {"Category": "Candy & Chocolate", "Aisle": "Snacks, Chips & Candy", "Sku": "20966137_EA", "Regular Price": "17.99", "Sale Price": "16.99", "Image": "https://assets.shop.loblaws.ca/products/20966137/b1/en/front/20966137_front_a01_@2.png", "Brand": "Nestl\u00e9", "Url": "https://www.maxi.ca/mini-halloween-assorted-bars/p/20966137_EA", "Sub Category": null, "English Name": "Mini Halloween Assorted Bars", "Size": "1 ea", "Size Label": "ea"}, {"Category": "Candy & Chocolate", "Aisle": "Snacks, Chips & Candy", "Sku": "20692716003_EA", "Regular Price": "None", "Sale Price": "1.39", "Image": "https://assets.shop.loblaws.ca/products/20692716003/b1/en/front/20692716003_front_a01_@2.png", "Brand": "Dentyne", "Url": "https://www.maxi.ca/ice-peppermint-gum/p/20692716003_EA", "Sub Category": null, "English Name": "Ice Peppermint Gum", "Size": "1 ea", "Size Label": "ea"}, {"Category": "Candy & Chocolate", "Aisle": "Snacks, Chips & Candy", "Sku": "20687591005_EA", "Regular Price": "None", "Sale Price": "1.69", "Image": "https://assets.shop.loblaws.ca/products/20687591005/b1/en/front/20687591005_front_a01_@2.png", "Brand": "Hershey's", "Url": "https://www.maxi.ca/mix-cookies-n-cr-me-candy/p/20687591005_EA", "Sub Category": null, "English Name": "Mix COOKIES 'N' CR\u00c8ME candy", "Size": "43 g", "Size Label": "ea"}, {"Category": "Candy & Chocolate", "Aisle": "Snacks, Chips & Candy", "Sku": "20307203002_EA", "Regular Price": "None", "Sale Price": "3.29", "Image": "https://assets.shop.loblaws.ca/products/20307203002/b1/en/front/20307203002_front_a01_@2.png", "Brand": "Starburst", "Url": "https://www.maxi.ca/original-chewy-candy-sharing-bag/p/20307203002_EA", "Sub Category": null, "English Name": "Original Chewy Candy, Sharing Bag", "Size": "191 g", "Size Label": "ea"}, {"Category": "Candy & Chocolate", "Aisle": "Snacks, Chips & Candy", "Sku": "21391723_EA", "Regular Price": "None", "Sale Price": "3.19", "Image": "https://assets.shop.loblaws.ca/products/21391723/b1/en/front/21391723_front_a01_@2.png", "Brand": "Dare", "Url": "https://www.maxi.ca/realfruit-superfruits/p/21391723_EA", "Sub Category": null, "English Name": "Realfruit Superfruits", "Size": "180 g", "Size Label": "ea"}, {"Category": "Candy & Chocolate", "Aisle": "Snacks, Chips & Candy", "Sku": "21506198_EA", "Regular Price": "None", "Sale Price": "2.49", "Image": "https://assets.shop.loblaws.ca/products/21506198/b1/en/front/21506198_front_a01_@2.png", "Brand": "Aero", "Url": "https://www.maxi.ca/truffle-brownie-bar/p/21506198_EA", "Sub Category": null, "English Name": "Truffle Brownie Bar", "Size": "105 g", "Size Label": "ea"}, {"Category": "Candy & Chocolate", "Aisle": "Snacks, Chips & Candy", "Sku": "20312527001_EA", "Regular Price": "4.29", "Sale Price": "3.29", "Image": "https://assets.shop.loblaws.ca/products/20312527001/b1/en/front/20312527001_front_a01_@2.png", "Brand": "Lindt", "Url": "https://www.maxi.ca/excellence-85-cacao-dark-chocolate-bar/p/20312527001_EA", "Sub Category": null, "English Name": "EXCELLENCE 85% Cacao Dark Chocolate Bar", "Size": "100 g", "Size Label": "ea"}, {"Category": "Candy & Chocolate", "Aisle": "Snacks, Chips & Candy", "Sku": "21286275_EA", "Regular Price": "None", "Sale Price": "10.99", "Image": "https://assets.shop.loblaws.ca/products/21286275/b1/en/front/21286275_front_a01_@2.png", "Brand": "Kinder", "Url": "https://www.maxi.ca/halloween-bueno-mini-55ct/p/21286275_EA", "Sub Category": null, "English Name": "Halloween Bueno Mini, 55Ct", "Size": "330 g", "Size Label": "ea"}, {"Category": "Candy & Chocolate", "Aisle": "Snacks, Chips & Candy", "Sku": "21459748_EA", "Regular Price": "None", "Sale Price": "13.99", "Image": "https://assets.shop.loblaws.ca/products/21459748/b1/en/front/21459748_front_a01_@2.png", "Brand": "Nestl\u00e9", "Url": "https://www.maxi.ca/nhl-kitkat-advent-calendar/p/21459748_EA", "Sub Category": null, "English Name": "NHL KitKat Advent Calendar", "Size": "270 g", "Size Label": "ea"}, {"Category": "Candy & Chocolate", "Aisle": "Snacks, Chips & Candy", "Sku": "21203795_EA", "Regular Price": "None", "Sale Price": "4.99", "Image": "https://assets.shop.loblaws.ca/products/21203795/b1/en/front/21203795_front_a01_@2.png", "Brand": "President's Choice", "Url": "https://www.maxi.ca/waffle-cones/p/21203795_EA", "Sub Category": null, "English Name": "Waffle Cones\u00a0\u00a0", "Size": "1 ea", "Size Label": "ea"}, {"Category": "Candy & Chocolate", "Aisle": "Snacks, Chips & Candy", "Sku": "20965318_EA", "Regular Price": "None", "Sale Price": "6.99", "Image": "https://assets.shop.loblaws.ca/products/20965318/b1/en/front/20965318_front_a01_@2.png", "Brand": "Kinder", "Url": "https://www.maxi.ca/halloween-uovo/p/20965318_EA", "Sub Category": null, "English Name": "Halloween Uovo", "Size": "100 g", "Size Label": "ea"}, {"Category": "Candy & Chocolate", "Aisle": "Snacks, Chips & Candy", "Sku": "20340143_EA", "Regular Price": "None", "Sale Price": "3.39", "Image": "https://assets.shop.loblaws.ca/products/20340143/b1/en/front/20340143_front_a01_@2.png", "Brand": "President's Choice", "Url": "https://www.maxi.ca/sugar-cones/p/20340143_EA", "Sub Category": null, "English Name": "Sugar Cones ", "Size": "142 g", "Size Label": "ea"}, {"Category": "Candy & Chocolate", "Aisle": "Snacks, Chips & Candy", "Sku": "20022328007_EA", "Regular Price": "None", "Sale Price": "4.49", "Image": "https://assets.shop.loblaws.ca/products/20022328007/b1/en/front/20022328007_front_a01_@2.png", "Brand": "Twizzler", "Url": "https://www.maxi.ca/nibs-cherry-candy/p/20022328007_EA", "Sub Category": null, "English Name": "Nibs Cherry Candy", "Size": "400 g", "Size Label": "ea"}, {"Category": "Candy & Chocolate", "Aisle": "Snacks, Chips & Candy", "Sku": "20296856002_EA", "Regular Price": "None", "Sale Price": "3.49", "Image": "https://assets.shop.loblaws.ca/products/20296856002/b1/en/front/20296856002_front_a01_@2.png", "Brand": "Lindt", "Url": "https://www.maxi.ca/swiss-classic-hazelnut-milk-chocolate-bar/p/20296856002_EA", "Sub Category": null, "English Name": "SWISS CLASSIC Hazelnut Milk Chocolate Bar", "Size": "100 g", "Size Label": "ea"}, {"Category": "Candy & Chocolate", "Aisle": "Snacks, Chips & Candy", "Sku": "21424952_EA", "Regular Price": "None", "Sale Price": "2.49", "Image": "https://assets.shop.loblaws.ca/products/21424952/b1/en/front/21424952_front_a01_@2.png", "Brand": "Nestl\u00e9", "Url": "https://www.maxi.ca/kitkat-gooey-salted-caramel-bar/p/21424952_EA", "Sub Category": null, "English Name": "Kitkat Gooey Salted Caramel Bar", "Size": "112 g", "Size Label": "ea"}, {"Category": "Candy & Chocolate", "Aisle": "Snacks, Chips & Candy", "Sku": "20898717_EA", "Regular Price": "None", "Sale Price": "3.29", "Image": "https://assets.shop.loblaws.ca/products/20898717/b1/en/front/20898717_front_a01_@2.png", "Brand": "Werther's Original", "Url": "https://www.maxi.ca/caramel-hard-candy/p/20898717_EA", "Sub Category": null, "English Name": "Caramel Hard Candy", "Size": "135 g", "Size Label": "ea"}, {"Category": "Candy & Chocolate", "Aisle": "Snacks, Chips & Candy", "Sku": "20638870_EA", "Regular Price": "None", "Sale Price": "2.25", "Image": "https://assets.shop.loblaws.ca/products/20638870/b1/en/front/20638870_front_a01_@2.png", "Brand": "Cadbury", "Url": "https://www.maxi.ca/cadbury-chocolate-burnt-almond-chocolate-bar/p/20638870_EA", "Sub Category": null, "English Name": "Cadbury Chocolate Burnt Almond Chocolate Bar", "Size": "100 g", "Size Label": "ea"}, {"Category": "Candy & Chocolate", "Aisle": "Snacks, Chips & Candy", "Sku": "21103590_EA", "Regular Price": "None", "Sale Price": "10.99", "Image": "https://assets.shop.loblaws.ca/products/21103590/b1/en/front/21103590_front_a01_@2.png", "Brand": "Kinder", "Url": "https://www.maxi.ca/halloween-chocolate-mini-55-count/p/21103590_EA", "Sub Category": null, "English Name": "Halloween Chocolate Mini, 55 Count", "Size": "330 g", "Size Label": "ea"}, {"Category": "Candy & Chocolate", "Aisle": "Snacks, Chips & Candy", "Sku": "21483943_EA", "Regular Price": "None", "Sale Price": "2.29", "Image": "https://assets.shop.loblaws.ca/products/21483943/b1/en/front/21483943_front_a01_@2.png", "Brand": "Nestl\u00e9", "Url": "https://www.maxi.ca/smarties-snack-size-chocolate-candy-box/p/21483943_EA", "Sub Category": null, "English Name": "Smarties Snack Size Chocolate Candy Box", "Size": "90 g", "Size Label": "ea"}, {"Category": "Candy & Chocolate", "Aisle": "Snacks, Chips & Candy", "Sku": "21126662_EA", "Regular Price": "None", "Sale Price": "6.00", "Image": "https://assets.shop.loblaws.ca/products/21126662/b1/en/front/21126662_front_a01_@2.png", "Brand": "President's Choice", "Url": "https://www.maxi.ca/dark-chocolate-covered-cranberries/p/21126662_EA", "Sub Category": null, "English Name": "Dark Chocolate Covered Cranberries", "Size": "340 g", "Size Label": "ea"}, {"Category": "Candy & Chocolate", "Aisle": "Snacks, Chips & Candy", "Sku": "21428865_EA", "Regular Price": "None", "Sale Price": "4.49", "Image": "https://assets.shop.loblaws.ca/products/21428865/b1/en/front/21428865_front_a01_@2.png", "Brand": "FERRERO ROCHER", "Url": "https://www.maxi.ca/premium-chocolate-bar-dark-chocolate-and-hazelnut/p/21428865_EA", "Sub Category": null, "English Name": "Premium Chocolate Bar, Dark Chocolate and Hazelnut Bar", "Size": "90 g", "Size Label": "ea"}, {"Category": "Candy & Chocolate", "Aisle": "Snacks, Chips & Candy", "Sku": "21526648_EA", "Regular Price": "None", "Sale Price": "2.49", "Image": "https://assets.shop.loblaws.ca/products/21526648/b1/en/front/21526648_front_a01_@2.png", "Brand": "Nestl\u00e9", "Url": "https://www.maxi.ca/smarties-sharing-block/p/21526648_EA", "Sub Category": null, "English Name": "Smarties Sharing Block", "Size": "90 g", "Size Label": "ea"}, {"Category": "Candy & Chocolate", "Aisle": "Snacks, Chips & Candy", "Sku": "21351063_EA", "Regular Price": "None", "Sale Price": "1.99", "Image": "https://assets.shop.loblaws.ca/products/21351063/b1/en/front/21351063_front_a01_@2.png", "Brand": "Nestl\u00e9", "Url": "https://www.maxi.ca/aero-peppermint-king/p/21351063_EA", "Sub Category": null, "English Name": "Aero Peppermint King", "Size": "63 g", "Size Label": "ea"}, {"Category": "Candy & Chocolate", "Aisle": "Snacks, Chips & Candy", "Sku": "21079071_EA", "Regular Price": "5.29", "Sale Price": "3.79", "Image": "https://assets.shop.loblaws.ca/products/21079071/b1/en/front/21079071_front_a01_@2.png", "Brand": "Nestl\u00e9", "Url": "https://www.maxi.ca/aero-minis-milk-chocolate-pouch/p/21079071_EA", "Sub Category": null, "English Name": "Aero Minis Milk Chocolate Pouch", "Size": "135 g", "Size Label": "ea"}, {"Category": "Candy & Chocolate", "Aisle": "Snacks, Chips & Candy", "Sku": "20691474_EA", "Regular Price": "None", "Sale Price": "1.99", "Image": "https://assets.shop.loblaws.ca/products/20691474/b1/en/front/20691474_front_a01_@2.png", "Brand": "Nestl\u00e9", "Url": "https://www.maxi.ca/aero-milk-chocolate-3-piece-share-pack/p/20691474_EA", "Sub Category": null, "English Name": "Aero Milk Chocolate 3-Piece Share Pack", "Size": "63 g", "Size Label": "ea"}, {"Category": "Candy & Chocolate", "Aisle": "Snacks, Chips & Candy", "Sku": "20638842_EA", "Regular Price": "5.29", "Sale Price": "3.99", "Image": "https://assets.shop.loblaws.ca/products/20638842/b1/en/front/20638842_front_a01_@2.png", "Brand": "Snickers", "Url": "https://www.maxi.ca/peanut-milk-chocolate-candy-bars-4-full-size-bars/p/20638842_EA", "Sub Category": null, "English Name": "Peanut Milk Chocolate Candy Bars, 4 Full Size Bars", "Size": "208 g", "Size Label": "ea"}, {"Category": "Candy & Chocolate", "Aisle": "Snacks, Chips & Candy", "Sku": "20691340_EA", "Regular Price": "None", "Sale Price": "1.39", "Image": "https://assets.shop.loblaws.ca/products/20691340/b1/en/front/20691340_front_a01_@2.png", "Brand": "Wrigley's", "Url": "https://www.maxi.ca/excel-winterfresh-flavoured-sugar-free-chewing-gum/p/20691340_EA", "Sub Category": null, "English Name": "Excel Winterfresh Flavoured Sugar Free Chewing Gum, 12 Pieces, 4 Packs", "Size": "1 ea", "Size Label": "ea"}, {"Category": "Candy & Chocolate", "Aisle": "Snacks, Chips & Candy", "Sku": "20545872_EA", "Regular Price": "4.49", "Sale Price": "3.49", "Image": "https://assets.shop.loblaws.ca/products/20545872/b1/en/front/20545872_front_a01_@2.png", "Brand": "Wrigley's", "Url": "https://www.maxi.ca/excel-peppermint-flavoured-sugar-free-chewing-gum/p/20545872_EA", "Sub Category": null, "English Name": "Excel Peppermint Flavoured Sugar Free Chewing Gum, 60 Pieces, 1 Bottle", "Size": "1 ea", "Size Label": "ea"}, {"Category": "Candy & Chocolate", "Aisle": "Snacks, Chips & Candy", "Sku": "20969203_EA", "Regular Price": "None", "Sale Price": "7.99", "Image": "https://assets.shop.loblaws.ca/products/20969203/b1/en/front/20969203_front_a01_@2.png", "Brand": "Carnaby Sweet", "Url": "https://www.maxi.ca/caramels/p/20969203_EA", "Sub Category": null, "English Name": "Caramels", "Size": "700 g", "Size Label": "ea"}, {"Category": "Candy & Chocolate", "Aisle": "Snacks, Chips & Candy", "Sku": "20700932_EA", "Regular Price": "None", "Sale Price": "3.29", "Image": "https://assets.shop.loblaws.ca/products/20700932/b1/en/front/20700932_front_a01_@2.png", "Brand": "Starburst", "Url": "https://www.maxi.ca/original-unwrapped-mini-chewy-candy-sharing-bag/p/20700932_EA", "Sub Category": null, "English Name": "Original Unwrapped Mini Chewy Candy, Sharing Bag", "Size": "191 g", "Size Label": "ea"}, {"Category": "Candy & Chocolate", "Aisle": "Snacks, Chips & Candy", "Sku": "20312527013_EA", "Regular Price": "4.29", "Sale Price": "3.29", "Image": "https://assets.shop.loblaws.ca/products/20312527013/b1/en/front/20312527013_front_a01_@2.png", "Brand": "Lindt", "Url": "https://www.maxi.ca/excellence-chili-dark-chocolate-bar/p/20312527013_EA", "Sub Category": null, "English Name": "EXCELLENCE Chili Dark Chocolate Bar", "Size": "100 g", "Size Label": "ea"}, {"Category": "Candy & Chocolate", "Aisle": "Snacks, Chips & Candy", "Sku": "21529566_EA", "Regular Price": "None", "Sale Price": "11.99", "Image": "https://assets.shop.loblaws.ca/products/21529566/b1/en/front/21529566_front_a01_@2.png", "Brand": "Regal", "Url": "https://www.maxi.ca/rockets-candy-rolls/p/21529566_EA", "Sub Category": null, "English Name": "Rockets Candy Rolls", "Size": "1 kg", "Size Label": "ea"}, {"Category": "Candy & Chocolate", "Aisle": "Snacks, Chips & Candy", "Sku": "20640580_EA", "Regular Price": "None", "Sale Price": "2.49", "Image": "https://assets.shop.loblaws.ca/products/20640580/b1/en/front/20640580_front_a01_@2.png", "Brand": "Nestl\u00e9", "Url": "https://www.maxi.ca/aero-milk-chocolate-bar/p/20640580_EA", "Sub Category": null, "English Name": "Aero Milk Chocolate Bar", "Size": "97 g", "Size Label": "ea"}, {"Category": "Candy & Chocolate", "Aisle": "Snacks, Chips & Candy", "Sku": "20687591001_EA", "Regular Price": "None", "Sale Price": "1.69", "Image": "https://assets.shop.loblaws.ca/products/20687591001/b1/en/front/20687591001_front_a01_@2.png", "Brand": "Hershey's", "Url": "https://www.maxi.ca/creamy-milk-chocolate-with-whole-almonds-full-size/p/20687591001_EA", "Sub Category": null, "English Name": "Creamy Milk Chocolate With Whole Almonds, Full Size Bar", "Size": "43 g", "Size Label": "ea"}, {"Category": "Candy & Chocolate", "Aisle": "Snacks, Chips & Candy", "Sku": "21237534_EA", "Regular Price": "None", "Sale Price": "2.49", "Image": "https://assets.shop.loblaws.ca/products/21237534/b1/en/front/21237534_front_a01_@2.png", "Brand": "Aero", "Url": "https://www.maxi.ca/truffle-milk-chocolate-tablet/p/21237534_EA", "Sub Category": null, "English Name": "Truffle Milk Chocolate Tablet", "Size": "105 g", "Size Label": "ea"}, {"Category": "Candy & Chocolate", "Aisle": "Snacks, Chips & Candy", "Sku": "21338295_EA", "Regular Price": "None", "Sale Price": "2.25", "Image": "https://assets.shop.loblaws.ca/products/21338295/b1/en/front/21338295_front_a01_@2.png", "Brand": "Cadbury", "Url": "https://www.maxi.ca/dairy-milk-salted-caramel-chocolate-bar/p/21338295_EA", "Sub Category": null, "English Name": "Dairy Milk Salted Caramel Chocolate Bar", "Size": "95 g", "Size Label": "ea"}, {"Category": "Candy & Chocolate", "Aisle": "Snacks, Chips & Candy", "Sku": "20303970004_EA", "Regular Price": "None", "Sale Price": "5.49", "Image": "https://assets.shop.loblaws.ca/products/20303970004/b1/en/front/20303970004_front_a01_@2.png", "Brand": "Reese's", "Url": "https://www.maxi.ca/reese-chocolate-minis-pouch/p/20303970004_EA", "Sub Category": null, "English Name": "Reese Chocolate Minis Pouch", "Size": "210 g", "Size Label": "ea"}, {"Category": "Candy & Chocolate", "Aisle": "Snacks, Chips & Candy", "Sku": "20312527012_EA", "Regular Price": "4.29", "Sale Price": "3.29", "Image": "https://assets.shop.loblaws.ca/products/20312527012/b1/en/front/20312527012_front_a01_@2.png", "Brand": "Lindt", "Url": "https://www.maxi.ca/excellence-madagascar-70-cacao-dark-chocolate-bar/p/20312527012_EA", "Sub Category": null, "English Name": "EXCELLENCE Madagascar 70% Cacao Dark Chocolate Bar", "Size": "100 g", "Size Label": "ea"}, {"Category": "Candy & Chocolate", "Aisle": "Snacks, Chips & Candy", "Sku": "21080077_EA", "Regular Price": "5.29", "Sale Price": "3.79", "Image": "https://assets.shop.loblaws.ca/products/21080077/b1/en/front/21080077_front_a01_@2.png", "Brand": "Nestl\u00e9", "Url": "https://www.maxi.ca/kitkat-minis-classic-wafer-bars-pouch/p/21080077_EA", "Sub Category": null, "English Name": "KitKat Minis Classic Wafer Bars Pouch", "Size": "180 g", "Size Label": "ea"}, {"Category": "Candy & Chocolate", "Aisle": "Snacks, Chips & Candy", "Sku": "21109299_EA", "Regular Price": "None", "Sale Price": "2.00", "Image": "https://assets.shop.loblaws.ca/products/21109299/b1/en/front/21109299_front_a01_@2.png", "Brand": "Mondoux", "Url": "https://www.maxi.ca/original-mixed-gummies/p/21109299_EA", "Sub Category": null, "English Name": "Original Mixed Gummies", "Size": "185 g", "Size Label": "ea"}, {"Category": "Candy & Chocolate", "Aisle": "Snacks, Chips & Candy", "Sku": "20937705_EA", "Regular Price": "None", "Sale Price": "2.29", "Image": "https://assets.shop.loblaws.ca/products/20937705/b1/en/front/20937705_front_a01_@2.png", "Brand": "Snickers", "Url": "https://www.maxi.ca/peanut-milk-chocolate-candy-bars-10-fun-size-bars/p/20937705_EA", "Sub Category": null, "English Name": "Peanut Milk Chocolate Candy Bars, 10 Fun Size Bars", "Size": "130 g", "Size Label": "ea"}, {"Category": "Candy & Chocolate", "Aisle": "Snacks, Chips & Candy", "Sku": "20014331_EA", "Regular Price": "None", "Sale Price": "5.00", "Image": "https://assets.shop.loblaws.ca/products/20014331/b1/en/front/20014331_front_a01_@2.png", "Brand": "President's Choice", "Url": "https://www.maxi.ca/milk-chocolate-bar-with-hazelnuts/p/20014331_EA", "Sub Category": null, "English Name": "Milk Chocolate Bar With Hazelnuts", "Size": "300 g", "Size Label": "ea"}, {"Category": "Candy & Chocolate", "Aisle": "Snacks, Chips & Candy", "Sku": "21424947_EA", "Regular Price": "None", "Sale Price": "2.49", "Image": "https://assets.shop.loblaws.ca/products/21424947/b1/en/front/21424947_front_a01_@2.png", "Brand": "Nestl\u00e9", "Url": "https://www.maxi.ca/aero-truffle-nanaimo-bar/p/21424947_EA", "Sub Category": null, "English Name": "Aero Truffle Nanaimo Bar", "Size": "105 g", "Size Label": "ea"}, {"Category": "Candy & Chocolate", "Aisle": "Snacks, Chips & Candy", "Sku": "20307863001_EA", "Regular Price": "None", "Sale Price": "3.29", "Image": "https://assets.shop.loblaws.ca/products/20307863001/b1/en/front/20307863001_front_a01_@2.png", "Brand": "Skittles", "Url": "https://www.maxi.ca/original-chewy-candy-bag/p/20307863001_EA", "Sub Category": null, "English Name": "Original Chewy Candy, Bag", "Size": "191 g", "Size Label": "ea"}, {"Category": "Candy & Chocolate", "Aisle": "Snacks, Chips & Candy", "Sku": "20573406_EA", "Regular Price": "None", "Sale Price": "5.29", "Image": "https://assets.shop.loblaws.ca/products/20573406/b1/en/front/20573406_front_a01_@2.png", "Brand": "Oh Henry!", "Url": "https://www.maxi.ca/candy-bar/p/20573406_EA", "Sub Category": null, "English Name": "Candy bar", "Size": "232 g", "Size Label": "ea"}, {"Category": "Candy & Chocolate", "Aisle": "Snacks, Chips & Candy", "Sku": "20680022_EA", "Regular Price": "None", "Sale Price": "1.99", "Image": "https://assets.shop.loblaws.ca/products/20680022/b1/en/front/20680022_front_a01_@2.png", "Brand": "Nestl\u00e9", "Url": "https://www.maxi.ca/big-r-turk-2-pack/p/20680022_EA", "Sub Category": null, "English Name": "Big\u2019R Turk, 2-pack", "Size": "86 g", "Size Label": "ea"}, {"Category": "Candy & Chocolate", "Aisle": "Snacks, Chips & Candy", "Sku": "21506196_EA", "Regular Price": "None", "Sale Price": "2.49", "Image": "https://assets.shop.loblaws.ca/products/21506196/b1/en/front/21506196_front_a01_@2.png", "Brand": "Nestl\u00e9", "Url": "https://www.maxi.ca/kitkat-cookie-dough-wafer-bar/p/21506196_EA", "Sub Category": null, "English Name": "KitKat Cookie Dough Wafer Bar", "Size": "112 g", "Size Label": "ea"}, {"Category": "Candy & Chocolate", "Aisle": "Snacks, Chips & Candy", "Sku": "21098111_EA", "Regular Price": "None", "Sale Price": "6.49", "Image": "https://assets.shop.loblaws.ca/products/21098111/b1/en/front/21098111_front_a01_@2.png", "Brand": "Whittaker's", "Url": "https://www.maxi.ca/dark-chocolate-dark-almond-200-g/p/21098111_EA", "Sub Category": null, "English Name": "Dark Chocolate Dark Almond 200 G ", "Size": "200 g", "Size Label": "ea"}, {"Category": "Candy & Chocolate", "Aisle": "Snacks, Chips & Candy", "Sku": "21519578_EA", "Regular Price": "None", "Sale Price": "3.49", "Image": "https://assets.shop.loblaws.ca/products/21519578/b1/en/front/21519578_front_a01_@2.png", "Brand": "Haribo", "Url": "https://www.maxi.ca/goldbears-gummy-candies-share-size/p/21519578_EA", "Sub Category": null, "English Name": "Goldbears Gummy Candies Share Size", "Size": "175 g", "Size Label": "ea"}, {"Category": "Candy & Chocolate", "Aisle": "Snacks, Chips & Candy", "Sku": "21098112_EA", "Regular Price": "None", "Sale Price": "6.49", "Image": "https://assets.shop.loblaws.ca/products/21098112/b1/en/front/21098112_front_a01_@2.png", "Brand": "Whittaker's", "Url": "https://www.maxi.ca/chocolate-milk-peanut-butter-220-g/p/21098112_EA", "Sub Category": null, "English Name": "Chocolate, Milk  Peanut Butter 220 G ", "Size": "220 g", "Size Label": "ea"}, {"Category": "Chips & Snacks", "Aisle": "Snacks, Chips & Candy", "Sku": "21302821_EA", "Regular Price": "None", "Sale Price": "1.49", "Image": "https://assets.shop.loblaws.ca/products/21302821/b1/en/front/21302821_front_a01_@2.png", "Brand": "No Name", "Url": "https://www.maxi.ca/regular-ripple-cut-potato-chips/p/21302821_EA", "Sub Category": null, "English Name": "Regular Ripple Cut Potato Chips", "Size": "200 g", "Size Label": "ea"}, {"Category": "Chips & Snacks", "Aisle": "Snacks, Chips & Candy", "Sku": "21021618_EA", "Regular Price": "None", "Sale Price": "6.49", "Image": "https://assets.shop.loblaws.ca/products/21021618/b1/en/front/21021618_front_a01_@2.png", "Brand": "Planters", "Url": "https://www.maxi.ca/cashews-roasted-salted/p/21021618_EA", "Sub Category": null, "English Name": "Cashews, Roasted & Salted", "Size": "200 g", "Size Label": "ea"}, {"Category": "Chips & Snacks", "Aisle": "Snacks, Chips & Candy", "Sku": "21369118_EA", "Regular Price": "None", "Sale Price": "4.29", "Image": "https://assets.shop.loblaws.ca/products/21369118/b1/en/front/21369118_front_a01_@2.png", "Brand": "Doritos", "Url": "https://www.maxi.ca/nacho-cheese-flavoured-tortilla-chips/p/21369118_EA", "Sub Category": null, "English Name": "Nacho Cheese flavoured tortilla chips", "Size": "235 g", "Size Label": "ea"}, {"Category": "Chips & Snacks", "Aisle": "Snacks, Chips & Candy", "Sku": "21241032_EA", "Regular Price": "None", "Sale Price": "3.99", "Image": "https://assets.shop.loblaws.ca/products/21241032/b1/en/front/21241032_front_a01_@2.png", "Brand": "Lay's", "Url": "https://www.maxi.ca/classic-potato-chips/p/21241032_EA", "Sub Category": null, "English Name": "Classic potato chips", "Size": "235 g", "Size Label": "ea"}, {"Category": "Chips & Snacks", "Aisle": "Snacks, Chips & Candy", "Sku": "21050581_EA", "Regular Price": "None", "Sale Price": "4.49", "Image": "https://assets.shop.loblaws.ca/products/21050581/b1/en/front/21050581_front_a01_@2.png", "Brand": "Tostitos", "Url": "https://www.maxi.ca/rounds-tortilla-chips/p/21050581_EA", "Sub Category": null, "English Name": "Rounds Tortilla Chips", "Size": "295 g", "Size Label": "ea"}, {"Category": "Chips & Snacks", "Aisle": "Snacks, Chips & Candy", "Sku": "21302935_EA", "Regular Price": "None", "Sale Price": "1.49", "Image": "https://assets.shop.loblaws.ca/products/21302935/b1/en/front/21302935_front_a01_@2.png", "Brand": "No Name", "Url": "https://www.maxi.ca/lightly-salted-rippled-potato-chips/p/21302935_EA", "Sub Category": null, "English Name": "Lightly Salted Rippled Potato Chips", "Size": "200 g", "Size Label": "ea"}, {"Category": "Chips & Snacks", "Aisle": "Snacks, Chips & Candy", "Sku": "21302937_EA", "Regular Price": "None", "Sale Price": "1.49", "Image": "https://assets.shop.loblaws.ca/products/21302937/b1/en/front/21302937_front_a01_@2.png", "Brand": "No Name", "Url": "https://www.maxi.ca/barbecue-potato-chips/p/21302937_EA", "Sub Category": null, "English Name": "Barbecue Potato Chips", "Size": "200 g", "Size Label": "ea"}, {"Category": "Chips & Snacks", "Aisle": "Snacks, Chips & Candy", "Sku": "21302793_EA", "Regular Price": "None", "Sale Price": "1.49", "Image": "https://assets.shop.loblaws.ca/products/21302793/b1/en/front/21302793_front_a01_@2.png", "Brand": "No Name", "Url": "https://www.maxi.ca/sour-cream-onion-potato-chips/p/21302793_EA", "Sub Category": null, "English Name": "Sour Cream & Onion Potato Chips ", "Size": "200 g", "Size Label": "ea"}, {"Category": "Chips & Snacks", "Aisle": "Snacks, Chips & Candy", "Sku": "21302802_EA", "Regular Price": "None", "Sale Price": "1.49", "Image": "https://assets.shop.loblaws.ca/products/21302802/b1/en/front/21302802_front_a01_@2.png", "Brand": "No Name", "Url": "https://www.maxi.ca/all-dressed-potato-chips/p/21302802_EA", "Sub Category": null, "English Name": "All Dressed Potato Chips", "Size": "200 g", "Size Label": "ea"}, {"Category": "Chips & Snacks", "Aisle": "Snacks, Chips & Candy", "Sku": "21050575_EA", "Regular Price": "None", "Sale Price": "4.49", "Image": "https://assets.shop.loblaws.ca/products/21050575/b1/en/front/21050575_front_a01_@2.png", "Brand": "Tostitos", "Url": "https://www.maxi.ca/restaurant-style-tortilla-chips-275g/p/21050575_EA", "Sub Category": null, "English Name": "Restaurant Style tortilla chips 275g", "Size": "275 g", "Size Label": "ea"}, {"Category": "Chips & Snacks", "Aisle": "Snacks, Chips & Candy", "Sku": "21302823_EA", "Regular Price": "None", "Sale Price": "1.49", "Image": "https://assets.shop.loblaws.ca/products/21302823/b1/en/front/21302823_front_a01_@2.png", "Brand": "No Name", "Url": "https://www.maxi.ca/regular-potato-chips/p/21302823_EA", "Sub Category": null, "English Name": "Regular Potato Chips ", "Size": "200 g", "Size Label": "ea"}, {"Category": "Chips & Snacks", "Aisle": "Snacks, Chips & Candy", "Sku": "21241033_EA", "Regular Price": "None", "Sale Price": "3.99", "Image": "https://assets.shop.loblaws.ca/products/21241033/b1/en/front/21241033_front_a01_@2.png", "Brand": "Lay's", "Url": "https://www.maxi.ca/ketchup-flavoured-potato-chips/p/21241033_EA", "Sub Category": null, "English Name": "Ketchup flavoured potato chips", "Size": "235 g", "Size Label": "ea"}, {"Category": "Chips & Snacks", "Aisle": "Snacks, Chips & Candy", "Sku": "21302932_EA", "Regular Price": "None", "Sale Price": "1.49", "Image": "https://assets.shop.loblaws.ca/products/21302932/b1/en/front/21302932_front_a01_@2.png", "Brand": "No Name", "Url": "https://www.maxi.ca/ketchup-potato-chips/p/21302932_EA", "Sub Category": null, "English Name": "Ketchup Potato Chips", "Size": "200 g", "Size Label": "ea"}, {"Category": "Chips & Snacks", "Aisle": "Snacks, Chips & Candy", "Sku": "21422931_EA", "Regular Price": "None", "Sale Price": "2.79", "Image": "https://assets.shop.loblaws.ca/products/21422931/b1/en/front/21422931_front_a01_@2.png", "Brand": "President's Choice", "Url": "https://www.maxi.ca/original-kettle-cooked-chips/p/21422931_EA", "Sub Category": null, "English Name": "Original Kettle Cooked Chips", "Size": "200 g", "Size Label": "ea"}, {"Category": "Chips & Snacks", "Aisle": "Snacks, Chips & Candy", "Sku": "20303002001_EA", "Regular Price": "None", "Sale Price": "2.29", "Image": "https://assets.shop.loblaws.ca/products/20303002001/b1/en/front/20303002001_front_a01_@2.png", "Brand": "Quaker", "Url": "https://www.maxi.ca/crispy-minis-cheddar-flavour-brown-rice-chips/p/20303002001_EA", "Sub Category": null, "English Name": "Crispy Minis Cheddar flavour brown rice chips", "Size": "100 g", "Size Label": "ea"}, {"Category": "Chips & Snacks", "Aisle": "Snacks, Chips & Candy", "Sku": "21241052_EA", "Regular Price": "None", "Sale Price": "3.99", "Image": "https://assets.shop.loblaws.ca/products/21241052/b1/en/front/21241052_front_a01_@2.png", "Brand": "Ruffles", "Url": "https://www.maxi.ca/all-dressed-flavoured-potato-chips/p/21241052_EA", "Sub Category": null, "English Name": "All Dressed Flavoured Potato Chips", "Size": "200 g", "Size Label": "ea"}, {"Category": "Chips & Snacks", "Aisle": "Snacks, Chips & Candy", "Sku": "21050574_EA", "Regular Price": "None", "Sale Price": "4.49", "Image": "https://assets.shop.loblaws.ca/products/21050574/b1/en/front/21050574_front_a01_@2.png", "Brand": "Tostitos", "Url": "https://www.maxi.ca/hint-of-lime-flavour-tortilla-chips-275g/p/21050574_EA", "Sub Category": null, "English Name": "Hint of Lime flavour tortilla chips 275g", "Size": "275 g", "Size Label": "ea"}, {"Category": "Chips & Snacks", "Aisle": "Snacks, Chips & Candy", "Sku": "20163708002_EA", "Regular Price": "None", "Sale Price": "2.29", "Image": "https://assets.shop.loblaws.ca/products/20163708002/b1/en/front/20163708002_front_a01_@2.png", "Brand": "Quaker", "Url": "https://www.maxi.ca/crispy-minis-original-large-brown-rice-cakes/p/20163708002_EA", "Sub Category": null, "English Name": "Crispy Minis Original Large Brown Rice Cakes", "Size": "127 g", "Size Label": "ea"}, {"Category": "Chips & Snacks", "Aisle": "Snacks, Chips & Candy", "Sku": "21241146_EA", "Regular Price": "None", "Sale Price": "3.99", "Image": "https://assets.shop.loblaws.ca/products/21241146/b1/en/front/21241146_front_a01_@2.png", "Brand": "Ruffles", "Url": "https://www.maxi.ca/sour-cream-n-onion-flavoured-potato-chips/p/21241146_EA", "Sub Category": null, "English Name": "Sour Cream 'n Onion Flavoured Potato Chips", "Size": "200 g", "Size Label": "ea"}, {"Category": "Chips & Snacks", "Aisle": "Snacks, Chips & Candy", "Sku": "21241006_EA", "Regular Price": "None", "Sale Price": "3.99", "Image": "https://assets.shop.loblaws.ca/products/21241006/b1/en/front/21241006_front_a01_@2.png", "Brand": "Lay's", "Url": "https://www.maxi.ca/bar-b-q-flavoured-potato-chips/p/21241006_EA", "Sub Category": null, "English Name": "Bar-B-Q flavoured potato chips", "Size": "235 g", "Size Label": "ea"}, {"Category": "Chips & Snacks", "Aisle": "Snacks, Chips & Candy", "Sku": "21240628_EA", "Regular Price": "4.79", "Sale Price": "4.29", "Image": "https://assets.shop.loblaws.ca/products/21240628/b1/en/front/21240628_front_a01_@2.png", "Brand": "Miss Vickies", "Url": "https://www.maxi.ca/sea-salt-malt-vinegar-flavour-kettle-cooked-potato/p/21240628_EA", "Sub Category": null, "English Name": "Sea Salt & Malt Vinegar flavour kettle cooked potato chips 200g", "Size": "200 g", "Size Label": "ea"}, {"Category": "Chips & Snacks", "Aisle": "Snacks, Chips & Candy", "Sku": "21241053_EA", "Regular Price": "None", "Sale Price": "3.99", "Image": "https://assets.shop.loblaws.ca/products/21241053/b1/en/front/21241053_front_a01_@2.png", "Brand": "Ruffles", "Url": "https://www.maxi.ca/regular-potato-chips/p/21241053_EA", "Sub Category": null, "English Name": "Regular Potato Chips", "Size": "200 g", "Size Label": "ea"}, {"Category": "Chips & Snacks", "Aisle": "Snacks, Chips & Candy", "Sku": "21370169_EA", "Regular Price": "None", "Sale Price": "4.29", "Image": "https://assets.shop.loblaws.ca/products/21370169/b1/en/front/21370169_front_a01_@2.png", "Brand": "Cheetos", "Url": "https://www.maxi.ca/puffs-cheese-flavoured-snacks/p/21370169_EA", "Sub Category": null, "English Name": "Puffs Cheese Flavoured Snacks", "Size": "260 g", "Size Label": "ea"}, {"Category": "Chips & Snacks", "Aisle": "Snacks, Chips & Candy", "Sku": "20303002005_EA", "Regular Price": "None", "Sale Price": "2.29", "Image": "https://assets.shop.loblaws.ca/products/20303002005/b1/en/front/20303002005_front_a01_@2.png", "Brand": "Quaker", "Url": "https://www.maxi.ca/crispy-minis-crunchy-dill-flavour-brown-rice-chips/p/20303002005_EA", "Sub Category": null, "English Name": "Crispy Minis Crunchy Dill flavour brown rice chips", "Size": "100 g", "Size Label": "ea"}, {"Category": "Chips & Snacks", "Aisle": "Snacks, Chips & Candy", "Sku": "21449886_EA", "Regular Price": "None", "Sale Price": "3.79", "Image": "https://assets.shop.loblaws.ca/products/21449886/b1/en/front/21449886_front_a01_@2.png", "Brand": "Betty Crocker", "Url": "https://www.maxi.ca/dunkaroos-vanilla/p/21449886_EA", "Sub Category": null, "English Name": "Dunkaroos Vanilla", "Size": "168 g", "Size Label": "ea"}, {"Category": "Chips & Snacks", "Aisle": "Snacks, Chips & Candy", "Sku": "21031316_EA", "Regular Price": "4.99", "Sale Price": "3.79", "Image": "https://assets.shop.loblaws.ca/products/21031316/b1/en/front/21031316_front_a01_@2.png", "Brand": "Que Pasa", "Url": "https://www.maxi.ca/tortilla-chips-salted/p/21031316_EA", "Sub Category": null, "English Name": "Tortilla Chips Salted", "Size": "350 g", "Size Label": "ea"}, {"Category": "Chips & Snacks", "Aisle": "Snacks, Chips & Candy", "Sku": "21021617_EA", "Regular Price": "None", "Sale Price": "6.49", "Image": "https://assets.shop.loblaws.ca/products/21021617/b1/en/front/21021617_front_a01_@2.png", "Brand": "Planters", "Url": "https://www.maxi.ca/cashews-roasted-unsalted/p/21021617_EA", "Sub Category": null, "English Name": "Cashews, Roasted & Unsalted", "Size": "200 g", "Size Label": "ea"}, {"Category": "Chips & Snacks", "Aisle": "Snacks, Chips & Candy", "Sku": "21240990_EA", "Regular Price": "None", "Sale Price": "3.99", "Image": "https://assets.shop.loblaws.ca/products/21240990/b1/en/front/21240990_front_a01_@2.png", "Brand": "Lay's", "Url": "https://www.maxi.ca/wavy-original-potato-chips/p/21240990_EA", "Sub Category": null, "English Name": "Wavy Original potato chips", "Size": "235 g", "Size Label": "ea"}, {"Category": "Chips & Snacks", "Aisle": "Snacks, Chips & Candy", "Sku": "21050572_EA", "Regular Price": "None", "Sale Price": "4.49", "Image": "https://assets.shop.loblaws.ca/products/21050572/b1/en/front/21050572_front_a01_@2.png", "Brand": "Tostitos", "Url": "https://www.maxi.ca/scoops-tortilla-chips-215g/p/21050572_EA", "Sub Category": null, "English Name": "Scoops! tortilla chips 215g", "Size": "215 g", "Size Label": "ea"}, {"Category": "Chips & Snacks", "Aisle": "Snacks, Chips & Candy", "Sku": "20309701001_EA", "Regular Price": "2.79", "Sale Price": "2.29", "Image": "https://assets.shop.loblaws.ca/products/20309701001/b1/en/front/20309701001_front_a01_@2.png", "Brand": "President's Choice", "Url": "https://www.maxi.ca/unsweetened-apple-sauce/p/20309701001_EA", "Sub Category": null, "English Name": "Unsweetened Apple Sauce", "Size": "6x100.0 ml", "Size Label": "ea"}, {"Category": "Chips & Snacks", "Aisle": "Snacks, Chips & Candy", "Sku": "21315093_EA", "Regular Price": "None", "Sale Price": "1.49", "Image": "https://assets.shop.loblaws.ca/products/21315093/b1/en/front/21315093_front_a01_@2.png", "Brand": "No Name", "Url": "https://www.maxi.ca/cheddar-bacon-potato-chips/p/21315093_EA", "Sub Category": null, "English Name": "Cheddar Bacon Potato Chips", "Size": "200 g", "Size Label": "ea"}, {"Category": "Chips & Snacks", "Aisle": "Snacks, Chips & Candy", "Sku": "20313984001_EA", "Regular Price": "None", "Sale Price": "2.99", "Image": "https://assets.shop.loblaws.ca/products/20313984001/b1/en/front/20313984001_front_a01_@2.png", "Brand": "Kelloggs", "Url": "https://www.maxi.ca/nutri-grain-cereal-bars-strawberry-8-bars/p/20313984001_EA", "Sub Category": null, "English Name": "Nutri-Grain Cereal Bars, Strawberry 8 Bars", "Size": "295 g", "Size Label": "ea"}, {"Category": "Chips & Snacks", "Aisle": "Snacks, Chips & Candy", "Sku": "20163708004_EA", "Regular Price": "None", "Sale Price": "2.29", "Image": "https://assets.shop.loblaws.ca/products/20163708004/b1/en/front/20163708004_front_a01_@2.png", "Brand": "Quaker", "Url": "https://www.maxi.ca/crispy-minis-white-cheddar-flavour-large-brown-ric/p/20163708004_EA", "Sub Category": null, "English Name": "Crispy Minis White Cheddar Flavour Large Brown Rice Cakes", "Size": "140 g", "Size Label": "ea"}, {"Category": "Chips & Snacks", "Aisle": "Snacks, Chips & Candy", "Sku": "21240703_EA", "Regular Price": "4.79", "Sale Price": "4.29", "Image": "https://assets.shop.loblaws.ca/products/21240703/b1/en/front/21240703_front_a01_@2.png", "Brand": "Miss Vickies", "Url": "https://www.maxi.ca/original-recipe-kettle-cooked-potato-chips-200g/p/21240703_EA", "Sub Category": null, "English Name": "Original Recipe kettle cooked potato chips 200g", "Size": "200 g", "Size Label": "ea"}, {"Category": "Chips & Snacks", "Aisle": "Snacks, Chips & Candy", "Sku": "21425138_EA", "Regular Price": "None", "Sale Price": "2.79", "Image": "https://assets.shop.loblaws.ca/products/21425138/b1/en/front/21425138_front_a01_@2.png", "Brand": "President's Choice", "Url": "https://www.maxi.ca/barbecue-flavour-kettle-cooked-chips/p/21425138_EA", "Sub Category": null, "English Name": "Barbecue Flavour Kettle Cooked Chips", "Size": "200 g", "Size Label": "ea"}, {"Category": "Chips & Snacks", "Aisle": "Snacks, Chips & Candy", "Sku": "21370195_EA", "Regular Price": "None", "Sale Price": "4.29", "Image": "https://assets.shop.loblaws.ca/products/21370195/b1/en/front/21370195_front_a01_@2.png", "Brand": "Cheetos", "Url": "https://www.maxi.ca/crunchy-cheese-flavoured-snacks/p/21370195_EA", "Sub Category": null, "English Name": "Crunchy Cheese Flavoured Snacks", "Size": "285 g", "Size Label": "ea"}, {"Category": "Chips & Snacks", "Aisle": "Snacks, Chips & Candy", "Sku": "20303002006_EA", "Regular Price": "None", "Sale Price": "2.29", "Image": "https://assets.shop.loblaws.ca/products/20303002006/b1/en/front/20303002006_front_a01_@2.png", "Brand": "Quaker", "Url": "https://www.maxi.ca/crispy-minis-ketchup-flavour-brown-rice-chips/p/20303002006_EA", "Sub Category": null, "English Name": "Crispy Minis Ketchup flavour brown rice chips", "Size": "100 g", "Size Label": "ea"}, {"Category": "Chips & Snacks", "Aisle": "Snacks, Chips & Candy", "Sku": "20889882_EA", "Regular Price": "None", "Sale Price": "1.25", "Image": "https://assets.shop.loblaws.ca/products/20889882/b1/en/front/20889882_front_a01_@2.png", "Brand": "No Name", "Url": "https://www.maxi.ca/crackers-and-cheese-processed-cheese-product/p/20889882_EA", "Sub Category": null, "English Name": "Crackers and Cheese, Processed Cheese Product", "Size": "3x29.0 g", "Size Label": "ea"}, {"Category": "Chips & Snacks", "Aisle": "Snacks, Chips & Candy", "Sku": "20847582_EA", "Regular Price": "None", "Sale Price": "2.29", "Image": "https://assets.shop.loblaws.ca/products/20847582/b1/en/front/20847582_front_a01_@2.png", "Brand": "Quaker", "Url": "https://www.maxi.ca/dipps-granola-bars-chocolatey-chip/p/20847582_EA", "Sub Category": null, "English Name": "Dipps Granola Bars \u2013 Chocolatey Chip", "Size": "156 g", "Size Label": "ea"}, {"Category": "Chips & Snacks", "Aisle": "Snacks, Chips & Candy", "Sku": "21154325_EA", "Regular Price": "None", "Sale Price": "2.49", "Image": "https://assets.shop.loblaws.ca/products/21154325/b1/en/front/21154325_front_a01_@2.png", "Brand": "Leclerc", "Url": "https://www.maxi.ca/chocomax-coated-chewy-bars-granola-caramel-pretzel/p/21154325_EA", "Sub Category": null, "English Name": "Chocomax Coated Chewy Bars Granola Caramel & Pretzel", "Size": "175 g", "Size Label": "ea"}, {"Category": "Chips & Snacks", "Aisle": "Snacks, Chips & Candy", "Sku": "20887514_EA", "Regular Price": "3.99", "Sale Price": "2.99", "Image": "https://assets.shop.loblaws.ca/products/20887514/b1/en/front/20887514_front_a01_@2.png", "Brand": "Betty Crocker", "Url": "https://www.maxi.ca/fruit-snacks-animated-edition/p/20887514_EA", "Sub Category": null, "English Name": "Fruit Snacks, Animated Edition", "Size": "226 g", "Size Label": "ea"}, {"Category": "Chips & Snacks", "Aisle": "Snacks, Chips & Candy", "Sku": "21371246_EA", "Regular Price": "3.99", "Sale Price": "2.99", "Image": "https://assets.shop.loblaws.ca/products/21371246/b1/en/front/21371246_front_a01_@2.png", "Brand": "Nature Valley", "Url": "https://www.maxi.ca/lunchbox-caramel-chocolate-granola-bar/p/21371246_EA", "Sub Category": null, "English Name": "Lunchbox Caramel Chocolate Granola Bar", "Size": "130 g", "Size Label": "ea"}, {"Category": "Chips & Snacks", "Aisle": "Snacks, Chips & Candy", "Sku": "21418522_EA", "Regular Price": "None", "Sale Price": "11.99", "Image": "https://assets.shop.loblaws.ca/products/21418522/b1/en/front/21418522_front_a01_@2.png", "Brand": "Fibre 1", "Url": "https://www.maxi.ca/chewy-bars-oats-chocolate/p/21418522_EA", "Sub Category": null, "English Name": "Chewy Bars Oats & Chocolate ", "Size": "840 g", "Size Label": "ea"}, {"Category": "Chips & Snacks", "Aisle": "Snacks, Chips & Candy", "Sku": "21217900_EA", "Regular Price": "None", "Sale Price": "2.99", "Image": "https://assets.shop.loblaws.ca/products/21217900/b1/en/front/21217900_front_a01_@2.png", "Brand": "Tim Hortons", "Url": "https://www.maxi.ca/granola-bar-double-chocolate/p/21217900_EA", "Sub Category": null, "English Name": "Granola Bar, Double Chocolate", "Size": "5 ea", "Size Label": "ea"}, {"Category": "Chips & Snacks", "Aisle": "Snacks, Chips & Candy", "Sku": "20689864001_EA", "Regular Price": "None", "Sale Price": "3.39", "Image": "https://assets.shop.loblaws.ca/products/20689864001/b1/en/front/20689864001_front_a01_@2.png", "Brand": "Old Dutch", "Url": "https://www.maxi.ca/rip-l-potato-chips/p/20689864001_EA", "Sub Category": null, "English Name": "Rip-L Potato Chips", "Size": "180 g", "Size Label": "ea"}, {"Category": "Chips & Snacks", "Aisle": "Snacks, Chips & Candy", "Sku": "21165491_EA", "Regular Price": "3.99", "Sale Price": "2.99", "Image": "https://assets.shop.loblaws.ca/products/21165491/b1/en/front/21165491_front_a01_@2.png", "Brand": "Nature Valley", "Url": "https://www.maxi.ca/lunchbox-s-mores-flavour/p/21165491_EA", "Sub Category": null, "English Name": "Lunchbox - S'Mores Flavour", "Size": "130 g", "Size Label": "ea"}, {"Category": "Chips & Snacks", "Aisle": "Snacks, Chips & Candy", "Sku": "21244316_EA", "Regular Price": "None", "Sale Price": "2.79", "Image": "https://assets.shop.loblaws.ca/products/21244316/b1/en/front/21244316_front_a01_@2.png", "Brand": "President's Choice", "Url": "https://www.maxi.ca/sweet-salty-dark-chocolate-almond-granola-bar/p/21244316_EA", "Sub Category": null, "English Name": "Sweet & Salty Dark Chocolate & Almond Granola Bar", "Size": "175 g", "Size Label": "ea"}, {"Category": "Chips & Snacks", "Aisle": "Snacks, Chips & Candy", "Sku": "21213625_EA", "Regular Price": "None", "Sale Price": "4.49", "Image": "https://assets.shop.loblaws.ca/products/21213625/b1/en/front/21213625_front_a01_@2.png", "Brand": "Nature Valley", "Url": "https://www.maxi.ca/sweet-salty-cashew-chewy-granola-bars/p/21213625_EA", "Sub Category": null, "English Name": "Sweet & Salty Cashew Chewy Granola Bars", "Size": "192 g", "Size Label": "ea"}, {"Category": "Chips & Snacks", "Aisle": "Snacks, Chips & Candy", "Sku": "20806688_EA", "Regular Price": "None", "Sale Price": "2.69", "Image": "https://assets.shop.loblaws.ca/products/20806688/b1/en/front/20806688_front_a01_@2.png", "Brand": "La Vista", "Url": "https://www.maxi.ca/chicharrones-fried-pork-skins-salt-added/p/20806688_EA", "Sub Category": null, "English Name": "Chicharrones Fried Pork Skins-Salt Added", "Size": "85 g", "Size Label": "ea"}, {"Category": "Chips & Snacks", "Aisle": "Snacks, Chips & Candy", "Sku": "20335950001_EA", "Regular Price": "3.99", "Sale Price": "2.99", "Image": "https://assets.shop.loblaws.ca/products/20335950001/b1/en/front/20335950001_front_a01_@2.png", "Brand": "Betty Crocker", "Url": "https://www.maxi.ca/scooby-doo-fruit-flavoured-snacks/p/20335950001_EA", "Sub Category": null, "English Name": "Scooby-Doo - Fruit Flavoured Snacks", "Size": "226 g", "Size Label": "ea"}, {"Category": "Chips & Snacks", "Aisle": "Snacks, Chips & Candy", "Sku": "20965375_EA", "Regular Price": "None", "Sale Price": "3.99", "Image": "https://assets.shop.loblaws.ca/products/20965375/b1/en/front/20965375_front_a01_@2.png", "Brand": "President's Choice", "Url": "https://www.maxi.ca/peanut-butter-dark-chocolate-chip-protein-granola/p/20965375_EA", "Sub Category": null, "English Name": "Peanut Butter & Dark Chocolate Chip Protein Granola Bars", "Size": "148 g", "Size Label": "ea"}, {"Category": "Chips & Snacks", "Aisle": "Snacks, Chips & Candy", "Sku": "20302765_EA", "Regular Price": "None", "Sale Price": "2.79", "Image": "https://assets.shop.loblaws.ca/products/20302765/b1/en/front/20302765_front_a01_@2.png", "Brand": "President's Choice", "Url": "https://www.maxi.ca/bite-size-round-tortilla-chips/p/20302765_EA", "Sub Category": null, "English Name": "Bite Size Round Tortilla Chips", "Size": "350 g", "Size Label": "ea"}, {"Category": "Chips & Snacks", "Aisle": "Snacks, Chips & Candy", "Sku": "21457072_EA", "Regular Price": "None", "Sale Price": "11.49", "Image": "https://assets.shop.loblaws.ca/products/21457072/b1/en/front/21457072_front_a01_@2.png", "Brand": "Doritos", "Url": "https://www.maxi.ca/mini-nacho-cheese-flavoured-tortilla-chips-hallowe/p/21457072_EA", "Sub Category": null, "English Name": "Mini Nacho Cheese Flavoured Tortilla Chips Halloween Pack 40 CT", "Size": "640 g", "Size Label": "ea"}, {"Category": "Chips & Snacks", "Aisle": "Snacks, Chips & Candy", "Sku": "21457057_EA", "Regular Price": "None", "Sale Price": "11.49", "Image": "https://assets.shop.loblaws.ca/products/21457057/b1/en/front/21457057_front_a01_@2.png", "Brand": "Cheetos", "Url": "https://www.maxi.ca/crunchy-cheese-flavoured-snacks-halloween-pack-40/p/21457057_EA", "Sub Category": null, "English Name": "Crunchy Cheese Flavoured Snacks Halloween Pack 40 CT", "Size": "640 g", "Size Label": "ea"}, {"Category": "Chips & Snacks", "Aisle": "Snacks, Chips & Candy", "Sku": "21307328_C01", "Regular Price": "None", "Sale Price": "12.99", "Image": "https://assets.shop.loblaws.ca/products/21307328/b1/en/front/21307328_front_a01_@2.png", "Brand": "Pringles", "Url": "https://www.maxi.ca/original-potato-chips-32-ct/p/21307328_C01", "Sub Category": null, "English Name": "Original Potato Chips 32 CT", "Size": "608 g", "Size Label": "c01"}, {"Category": "Chips & Snacks", "Aisle": "Snacks, Chips & Candy", "Sku": "20796894_C01", "Regular Price": "None", "Sale Price": "11.99", "Image": "https://assets.shop.loblaws.ca/products/20796894/b1/en/front/20796894_front_a01_@2.png", "Brand": "Del Monte", "Url": "https://www.maxi.ca/fruit-cups-very-cherry-club-pack-case/p/20796894_C01", "Sub Category": null, "English Name": "Fruit Cups, Very Cherry Club Pack (Case)", "Size": "20x112.5 ml", "Size Label": "c01"}, {"Category": "Chips & Snacks", "Aisle": "Snacks, Chips & Candy", "Sku": "20946569_EA", "Regular Price": "None", "Sale Price": "2.50", "Image": "https://assets.shop.loblaws.ca/products/20946569/b1/en/front/20946569_front_a01_@2.png", "Brand": "Spitz", "Url": "https://www.maxi.ca/sunflower-seeds-cracked-pepper/p/20946569_EA", "Sub Category": null, "English Name": "Sunflower Seeds, Cracked Pepper", "Size": "227 g", "Size Label": "ea"}, {"Category": "Chips & Snacks", "Aisle": "Snacks, Chips & Candy", "Sku": "20297693001_EA", "Regular Price": "None", "Sale Price": "1.49", "Image": "https://assets.shop.loblaws.ca/products/20297693001/b1/en/front/20297693001_front_a01_@2.png", "Brand": "No Name", "Url": "https://www.maxi.ca/chocolate-pudding-cups-4-pack/p/20297693001_EA", "Sub Category": null, "English Name": "Chocolate Pudding Cups 4 Pack", "Size": "4x99.0 g", "Size Label": "ea"}, {"Category": "Chips & Snacks", "Aisle": "Snacks, Chips & Candy", "Sku": "21019799_EA", "Regular Price": "None", "Sale Price": "3.99", "Image": "https://assets.shop.loblaws.ca/products/21019799/b1/en/front/21019799_front_a01_@2.png", "Brand": "Jell-O", "Url": "https://www.maxi.ca/rich-milk-chocolate-no-sugar-added-ready-to-eat-re/p/21019799_EA", "Sub Category": null, "English Name": "Rich Milk Chocolate No Sugar Added Ready-to-Eat Refrigerated Pudding Cups Snack", "Size": "4x106.0 g", "Size Label": "ea"}, {"Category": "Chips & Snacks", "Aisle": "Snacks, Chips & Candy", "Sku": "21085527_EA", "Regular Price": "None", "Sale Price": "12.99", "Image": "https://assets.shop.loblaws.ca/products/21085527/b1/en/front/21085527_front_a01_@2.png", "Brand": "President's Choice", "Url": "https://www.maxi.ca/dipped-chewy-chocolate-chip-granola-bars/p/21085527_EA", "Sub Category": null, "English Name": "Dipped & Chewy Chocolate Chip Granola Bars", "Size": "1240 g", "Size Label": "ea"}, {"Category": "Chips & Snacks", "Aisle": "Snacks, Chips & Candy", "Sku": "20324241003_EA", "Regular Price": "3.29", "Sale Price": "2.29", "Image": "https://assets.shop.loblaws.ca/products/20324241003/b1/en/front/20324241003_front_a01_@2.png", "Brand": "Mott's", "Url": "https://www.maxi.ca/fruitsations-strawberry-apple/p/20324241003_EA", "Sub Category": null, "English Name": "Fruitsations, Strawberry Apple", "Size": "113 g", "Size Label": "ea"}, {"Category": "Chips & Snacks", "Aisle": "Snacks, Chips & Candy", "Sku": "21003833_EA", "Regular Price": "None", "Sale Price": "2.79", "Image": "https://assets.shop.loblaws.ca/products/21003833/b1/en/front/21003833_front_a01_@2.png", "Brand": "Pringles", "Url": "https://www.maxi.ca/original-potato-chips/p/21003833_EA", "Sub Category": null, "English Name": "Original Potato Chips", "Size": "148 g", "Size Label": "ea"}, {"Category": "Chips & Snacks", "Aisle": "Snacks, Chips & Candy", "Sku": "20313984002_EA", "Regular Price": "None", "Sale Price": "2.99", "Image": "https://assets.shop.loblaws.ca/products/20313984002/b1/en/front/20313984002_front_a01_@2.png", "Brand": "Kelloggs", "Url": "https://www.maxi.ca/nutri-grain-cereal-bars-mixed-berry-8-bars/p/20313984002_EA", "Sub Category": null, "English Name": "Nutri-Grain Cereal Bars, Mixed Berry 8 Bars", "Size": "295 g", "Size Label": "ea"}, {"Category": "Chips & Snacks", "Aisle": "Snacks, Chips & Candy", "Sku": "21445101_EA", "Regular Price": "4.29", "Sale Price": "3.99", "Image": "https://assets.shop.loblaws.ca/products/21445101/b1/en/front/21445101_front_a01_@2.png", "Brand": "Humpty Dumpty", "Url": "https://www.maxi.ca/party-mix-snack-mix-cheesy-flavoured-snack/p/21445101_EA", "Sub Category": null, "English Name": "Party Mix Snack Mix Cheesy Flavoured Snack", "Size": "250 g", "Size Label": "ea"}, {"Category": "Chips & Snacks", "Aisle": "Snacks, Chips & Candy", "Sku": "21291288_EA", "Regular Price": "None", "Sale Price": "2.00", "Image": "https://assets.shop.loblaws.ca/products/21291288/b1/en/front/21291288_front_a01_@2.png", "Brand": "No Name", "Url": "https://www.maxi.ca/microwave-butter-flavour-popcorn/p/21291288_EA", "Sub Category": null, "English Name": "Microwave Butter Flavour Popcorn", "Size": "247 g", "Size Label": "ea"}, {"Category": "Chips & Snacks", "Aisle": "Snacks, Chips & Candy", "Sku": "21019804_EA", "Regular Price": "None", "Sale Price": "3.99", "Image": "https://assets.shop.loblaws.ca/products/21019804/b1/en/front/21019804_front_a01_@2.png", "Brand": "Jell-O", "Url": "https://www.maxi.ca/oreo-ready-to-eat-refrigerated-pudding-cups-snack/p/21019804_EA", "Sub Category": null, "English Name": "Oreo Ready-to-Eat Refrigerated Pudding Cups Snack", "Size": "4x113.0 g", "Size Label": "ea"}, {"Category": "Chips & Snacks", "Aisle": "Snacks, Chips & Candy", "Sku": "20126567003_EA", "Regular Price": "None", "Sale Price": "2.99", "Image": "https://assets.shop.loblaws.ca/products/20126567003/b1/en/front/20126567003_front_a01_@2.png", "Brand": "Kelloggs", "Url": "https://www.maxi.ca/rice-krispies-bars-rainbow/p/20126567003_EA", "Sub Category": null, "English Name": "Rice Krispies Bars Rainbow", "Size": "176 g", "Size Label": "ea"}, {"Category": "Chips & Snacks", "Aisle": "Snacks, Chips & Candy", "Sku": "21497349_EA", "Regular Price": "None", "Sale Price": "7.99", "Image": "https://assets.shop.loblaws.ca/products/21497349/b1/en/front/21497349_front_a01_@2.png", "Brand": "Welch's", "Url": "https://www.maxi.ca/fruit-snacks-mixed-fruit-28-pouches/p/21497349_EA", "Sub Category": null, "English Name": "Fruit Snacks Mixed Fruit, 28 pouches", "Size": "22 g", "Size Label": "ea"}, {"Category": "Chips & Snacks", "Aisle": "Snacks, Chips & Candy", "Sku": "20915354_EA", "Regular Price": "None", "Sale Price": "1.99", "Image": "https://assets.shop.loblaws.ca/products/20915354/b1/en/front/20915354_front_a01_@2.png", "Brand": "No Name", "Url": "https://www.maxi.ca/dipped-chocolate-chip-granola-bars/p/20915354_EA", "Sub Category": null, "English Name": "Dipped Chocolate Chip Granola Bars", "Size": "156 g", "Size Label": "ea"}, {"Category": "Chips & Snacks", "Aisle": "Snacks, Chips & Candy", "Sku": "21241040_EA", "Regular Price": "None", "Sale Price": "3.99", "Image": "https://assets.shop.loblaws.ca/products/21241040/b1/en/front/21241040_front_a01_@2.png", "Brand": "Lay's", "Url": "https://www.maxi.ca/roast-chicken-potato-chips/p/21241040_EA", "Sub Category": null, "English Name": "Roast Chicken Potato Chips", "Size": "235 g", "Size Label": "ea"}, {"Category": "Chips & Snacks", "Aisle": "Snacks, Chips & Candy", "Sku": "20521654_EA", "Regular Price": "2.49", "Sale Price": "2.29", "Image": "https://assets.shop.loblaws.ca/products/20521654/b1/en/front/20521654_front_a01_@2.png", "Brand": "No Name", "Url": "https://www.maxi.ca/mandarin-oranges-in-light-syrup/p/20521654_EA", "Sub Category": null, "English Name": "Mandarin Oranges in Light Syrup", "Size": "4x107.0 ml", "Size Label": "ea"}, {"Category": "Chips & Snacks", "Aisle": "Snacks, Chips & Candy", "Sku": "20322697002_EA", "Regular Price": "None", "Sale Price": "3.99", "Image": "https://assets.shop.loblaws.ca/products/20322697002/b1/en/front/20322697002_front_a01_@2.png", "Brand": "GoGo squeez", "Url": "https://www.maxi.ca/squeeze-apple/p/20322697002_EA", "Sub Category": null, "English Name": "Squeeze, Apple", "Size": "4x90.0 g", "Size Label": "ea"}, {"Category": "Chips & Snacks", "Aisle": "Snacks, Chips & Candy", "Sku": "20850854_EA", "Regular Price": "None", "Sale Price": "2.29", "Image": "https://assets.shop.loblaws.ca/products/20850854/b1/en/front/20850854_front_a01_@2.png", "Brand": "Quaker", "Url": "https://www.maxi.ca/crispy-minis-sweet-chili-flavour-brown-rice-chips/p/20850854_EA", "Sub Category": null, "English Name": "Crispy Minis Sweet Chili flavour brown rice chips", "Size": "100 g", "Size Label": "ea"}, {"Category": "Chips & Snacks", "Aisle": "Snacks, Chips & Candy", "Sku": "21003823_EA", "Regular Price": "None", "Sale Price": "2.79", "Image": "https://assets.shop.loblaws.ca/products/21003823/b1/en/front/21003823_front_a01_@2.png", "Brand": "Pringles", "Url": "https://www.maxi.ca/sour-cream-onion-flavour-potato-chips/p/21003823_EA", "Sub Category": null, "English Name": "Sour Cream & Onion Flavour Potato Chips", "Size": "156 g", "Size Label": "ea"}, {"Category": "Chips & Snacks", "Aisle": "Snacks, Chips & Candy", "Sku": "21019795_EA", "Regular Price": "None", "Sale Price": "3.99", "Image": "https://assets.shop.loblaws.ca/products/21019795/b1/en/front/21019795_front_a01_@2.png", "Brand": "Jell-O", "Url": "https://www.maxi.ca/refrigerated-gelatin-snacks-strawberry-4-x-89g/p/21019795_EA", "Sub Category": null, "English Name": "Refrigerated Gelatin Snacks, Strawberry (4 X 89G)", "Size": "4x89.0 g", "Size Label": "ea"}, {"Category": "Chips & Snacks", "Aisle": "Snacks, Chips & Candy", "Sku": "20310707006_EA", "Regular Price": "None", "Sale Price": "2.29", "Image": "https://assets.shop.loblaws.ca/products/20310707006/b1/en/front/20310707006_front_a01_@2.png", "Brand": "Snackpack", "Url": "https://www.maxi.ca/butterscotch-pudding/p/20310707006_EA", "Sub Category": null, "English Name": "Butterscotch Pudding", "Size": "4x99.0 g", "Size Label": "ea"}, {"Category": "Chips & Snacks", "Aisle": "Snacks, Chips & Candy", "Sku": "21508067_EA", "Regular Price": "None", "Sale Price": "2.49", "Image": "https://assets.shop.loblaws.ca/products/21508067/b1/en/front/21508067_front_a01_@2.png", "Brand": "Leclerc", "Url": "https://www.maxi.ca/go-pure-fruit-oat-bars-fieldberry/p/21508067_EA", "Sub Category": null, "English Name": "Go Pure Fruit & Oat Bars Fieldberry", "Size": "5x140.0 g", "Size Label": "ea"}, {"Category": "Chips & Snacks", "Aisle": "Snacks, Chips & Candy", "Sku": "21430815_EA", "Regular Price": "None", "Sale Price": "2.49", "Image": "https://assets.shop.loblaws.ca/products/21430815/b1/en/front/21430815_front_a01_@2.png", "Brand": "Leclerc", "Url": "https://www.maxi.ca/go-pure-soft-baked-oatmeal-bars-carrot-cake-5-bars/p/21430815_EA", "Sub Category": null, "English Name": "Go Pure Soft Baked Oatmeal Bars, Carrot Cake 5 Bars", "Size": "175 g", "Size Label": "ea"}, {"Category": "Chips & Snacks", "Aisle": "Snacks, Chips & Candy", "Sku": "21520652_EA", "Regular Price": "4.29", "Sale Price": "3.49", "Image": "https://assets.shop.loblaws.ca/products/21520652/b1/en/front/21520652_front_a01_@2.png", "Brand": "Kettle", "Url": "https://www.maxi.ca/potato-chips-sea-salt/p/21520652_EA", "Sub Category": null, "English Name": "Potato Chips Sea Salt", "Size": "198 g", "Size Label": "ea"}, {"Category": "Chips & Snacks", "Aisle": "Snacks, Chips & Candy", "Sku": "21538486_EA", "Regular Price": "None", "Sale Price": "2.99", "Image": "https://assets.shop.loblaws.ca/products/21538486/b1/en/front/21538486_front_a01_@2.png", "Brand": "Kelloggs", "Url": "https://www.maxi.ca/bars-chocolate-chip-cookie-dough/p/21538486_EA", "Sub Category": null, "English Name": "Bars Chocolate Chip Cookie Dough", "Size": "176 g", "Size Label": "ea"}, {"Category": "Chips & Snacks", "Aisle": "Snacks, Chips & Candy", "Sku": "21359377_EA", "Regular Price": "None", "Sale Price": "2.29", "Image": "https://assets.shop.loblaws.ca/products/21359377/b1/en/front/21359377_front_a01_@2.png", "Brand": "Quaker", "Url": "https://www.maxi.ca/chewy-granola-bars-caramel-chocolate-flavour/p/21359377_EA", "Sub Category": null, "English Name": "Chewy Granola Bars - Caramel & Chocolate Flavour", "Size": "120 g", "Size Label": "ea"}, {"Category": "Chips & Snacks", "Aisle": "Snacks, Chips & Candy", "Sku": "21481817_EA", "Regular Price": "None", "Sale Price": "5.49", "Image": "https://assets.shop.loblaws.ca/products/21481817/b1/en/front/21481817_front_a01_@2.png", "Brand": "Hardbite", "Url": "https://www.maxi.ca/rugged-handcrafted-style-chips-all-dressed-potato/p/21481817_EA", "Sub Category": null, "English Name": "Rugged Handcrafted-Style Chips All Dressed Potato Chips Level-Up Size", "Size": "275 g", "Size Label": "ea"}, {"Category": "Chips & Snacks", "Aisle": "Snacks, Chips & Candy", "Sku": "20946414_EA", "Regular Price": "None", "Sale Price": "1.50", "Image": "https://assets.shop.loblaws.ca/products/20946414/b1/en/front/20946414_front_a01_@2.png", "Brand": "No Name", "Url": "https://www.maxi.ca/regular-potato-crisps/p/20946414_EA", "Sub Category": null, "English Name": "Regular Potato Crisps", "Size": "150 g", "Size Label": "ea"}, {"Category": "Chips & Snacks", "Aisle": "Snacks, Chips & Candy", "Sku": "21154321_EA", "Regular Price": "None", "Sale Price": "2.49", "Image": "https://assets.shop.loblaws.ca/products/21154321/b1/en/front/21154321_front_a01_@2.png", "Brand": "Leclerc", "Url": "https://www.maxi.ca/indulgent-squares-chocolate-coconut/p/21154321_EA", "Sub Category": null, "English Name": "Indulgent Squares Chocolate & Coconut", "Size": "192 g", "Size Label": "ea"}, {"Category": "Chips & Snacks", "Aisle": "Snacks, Chips & Candy", "Sku": "20075199001_EA", "Regular Price": "None", "Sale Price": "9.99", "Image": "https://assets.shop.loblaws.ca/products/20075199001/b1/en/front/20075199001_front_a01_@2.png", "Brand": "No Name", "Url": "https://www.maxi.ca/fruit-bowl-variety-pack/p/20075199001_EA", "Sub Category": null, "English Name": "Fruit Bowl Variety Pack", "Size": "16x107.0 ml", "Size Label": "ea"}, {"Category": "Chips & Snacks", "Aisle": "Snacks, Chips & Candy", "Sku": "20939682_EA", "Regular Price": "2.59", "Sale Price": "2.29", "Image": "https://assets.shop.loblaws.ca/products/20939682/b1/en/front/20939682_front_a01_@2.png", "Brand": "President's Choice", "Url": "https://www.maxi.ca/apple-squeeze-fruit-snacks/p/20939682_EA", "Sub Category": null, "English Name": "Apple Squeeze Fruit Snacks", "Size": "4x90.0 g", "Size Label": "ea"}, {"Category": "Chips & Snacks", "Aisle": "Snacks, Chips & Candy", "Sku": "20140826_EA", "Regular Price": "None", "Sale Price": "2.49", "Image": "https://assets.shop.loblaws.ca/products/20140826/b1/en/front/20140826_front_a01_@2.png", "Brand": "No Name", "Url": "https://www.maxi.ca/sour-cream-onion-rings/p/20140826_EA", "Sub Category": null, "English Name": "Sour Cream & Onion Rings", "Size": "200 g", "Size Label": "ea"}, {"Category": "Chips & Snacks", "Aisle": "Snacks, Chips & Candy", "Sku": "20315520003_EA", "Regular Price": "3.99", "Sale Price": "2.99", "Image": "https://assets.shop.loblaws.ca/products/20315520003/b1/en/front/20315520003_front_a01_@2.png", "Brand": "Nature Valley", "Url": "https://www.maxi.ca/crunchy-granola-bars-peanut-butter/p/20315520003_EA", "Sub Category": null, "English Name": "Crunchy Granola Bars, Peanut Butter", "Size": "230 g", "Size Label": "ea"}, {"Category": "Chips & Snacks", "Aisle": "Snacks, Chips & Candy", "Sku": "20318474001_EA", "Regular Price": "3.99", "Sale Price": "2.99", "Image": "https://assets.shop.loblaws.ca/products/20318474001/b1/en/front/20318474001_front_a01_@2.png", "Brand": "Betty Crocker", "Url": "https://www.maxi.ca/fruit-by-the-foot-variety-pack/p/20318474001_EA", "Sub Category": null, "English Name": "Fruit By The Foot Variety Pack", "Size": "128 g", "Size Label": "ea"}, {"Category": "Chips & Snacks", "Aisle": "Snacks, Chips & Candy", "Sku": "21494756_EA", "Regular Price": "None", "Sale Price": "2.99", "Image": "https://assets.shop.loblaws.ca/products/21494756/b1/en/front/21494756_front_a01_@2.png", "Brand": "Kashi", "Url": "https://www.maxi.ca/chewy-chia-whole-grain-bars-dark-chocolate-almond/p/21494756_EA", "Sub Category": null, "English Name": "Chewy Chia Whole Grain Bars Dark Chocolate, Almond & Sea Salt", "Size": "175 g", "Size Label": "ea"}, {"Category": "Chips & Snacks", "Aisle": "Snacks, Chips & Candy", "Sku": "20321764003_EA", "Regular Price": "None", "Sale Price": "3.99", "Image": "https://assets.shop.loblaws.ca/products/20321764003/b1/en/front/20321764003_front_a01_@2.png", "Brand": "Kozy Shack", "Url": "https://www.maxi.ca/rice-pudding-cups-no-sugar-added/p/20321764003_EA", "Sub Category": null, "English Name": "Rice Pudding Cups No Sugar Added", "Size": "4x113.0 g", "Size Label": "ea"}, {"Category": "Chips & Snacks", "Aisle": "Snacks, Chips & Candy", "Sku": "21445100_EA", "Regular Price": "4.29", "Sale Price": "3.99", "Image": "https://assets.shop.loblaws.ca/products/21445100/b1/en/front/21445100_front_a01_@2.png", "Brand": "Humpty Dumpty", "Url": "https://www.maxi.ca/party-original-mix/p/21445100_EA", "Sub Category": null, "English Name": "Party Original Mix", "Size": "250 g", "Size Label": "ea"}, {"Category": "Chips & Snacks", "Aisle": "Snacks, Chips & Candy", "Sku": "20325154001_EA", "Regular Price": "None", "Sale Price": "5.29", "Image": "https://assets.shop.loblaws.ca/products/20325154001/b1/en/front/20325154001_front_a01_@2.png", "Brand": "Kozy Shack", "Url": "https://www.maxi.ca/rice-pudding-cups/p/20325154001_EA", "Sub Category": null, "English Name": "Rice Pudding Cups", "Size": "6x113.0 g", "Size Label": "ea"}, {"Category": "Chips & Snacks", "Aisle": "Snacks, Chips & Candy", "Sku": "21039525_EA", "Regular Price": "None", "Sale Price": "8.99", "Image": "https://assets.shop.loblaws.ca/products/21039525/b1/en/front/21039525_front_a01_@2.png", "Brand": "GoGo squeez", "Url": "https://www.maxi.ca/squeeze-apple-banana/p/21039525_EA", "Sub Category": null, "English Name": "Squeeze, Apple/Banana", "Size": "12x90.0 g", "Size Label": "ea"}, {"Category": "Chips & Snacks", "Aisle": "Snacks, Chips & Candy", "Sku": "21404543_EA", "Regular Price": "None", "Sale Price": "5.49", "Image": "https://assets.shop.loblaws.ca/products/21404543/b1/en/front/21404543_front_a01_@2.png", "Brand": "Neal Brothers Foods", "Url": "https://www.maxi.ca/organic-original-corn-chips/p/21404543_EA", "Sub Category": null, "English Name": "Organic Original Corn Chips", "Size": "276 g", "Size Label": "ea"}, {"Category": "Chips & Snacks", "Aisle": "Snacks, Chips & Candy", "Sku": "21387549_EA", "Regular Price": "None", "Sale Price": "2.79", "Image": "https://assets.shop.loblaws.ca/products/21387549/b1/en/front/21387549_front_a01_@2.png", "Brand": "President's Choice", "Url": "https://www.maxi.ca/world-of-flavours-nashville-hot-flavour-rippled-po/p/21387549_EA", "Sub Category": null, "English Name": "World of Flavours Nashville Hot Flavour Rippled Potato Chips ", "Size": "200 g", "Size Label": "ea"}, {"Category": "Chips & Snacks", "Aisle": "Snacks, Chips & Candy", "Sku": "21031311_EA", "Regular Price": "4.99", "Sale Price": "3.79", "Image": "https://assets.shop.loblaws.ca/products/21031311/b1/en/front/21031311_front_a01_@2.png", "Brand": "Que Pasa", "Url": "https://www.maxi.ca/unsalted-tortilla-chips/p/21031311_EA", "Sub Category": null, "English Name": "Unsalted Tortilla Chips", "Size": "350 g", "Size Label": "ea"}, {"Category": "Chips & Snacks", "Aisle": "Snacks, Chips & Candy", "Sku": "20376380_EA", "Regular Price": "None", "Sale Price": "4.49", "Image": "https://assets.shop.loblaws.ca/products/20376380/b1/en/front/20376380_front_a01_@2.png", "Brand": "President's Choice", "Url": "https://www.maxi.ca/devon-custard/p/20376380_EA", "Sub Category": null, "English Name": "Devon Custard", "Size": "400 g", "Size Label": "ea"}, {"Category": "Chips & Snacks", "Aisle": "Snacks, Chips & Candy", "Sku": "20370855002_EA", "Regular Price": "None", "Sale Price": "4.79", "Image": "https://assets.shop.loblaws.ca/products/20370855002/b1/en/front/20370855002_front_a01_@2.png", "Brand": "Hardbite", "Url": "https://www.maxi.ca/handcrafted-style-chips-rock-salt-vinegar/p/20370855002_EA", "Sub Category": null, "English Name": "Handcrafted-Style Chips, Rock Salt & Vinegar", "Size": "150 g", "Size Label": "ea"}, {"Category": "Chips & Snacks", "Aisle": "Snacks, Chips & Candy", "Sku": "20858758_EA", "Regular Price": "None", "Sale Price": "3.99", "Image": "https://assets.shop.loblaws.ca/products/20858758/b1/en/front/20858758_front_a01_@2.png", "Brand": "Humpty Dumpty", "Url": "https://www.maxi.ca/cheese-sticks/p/20858758_EA", "Sub Category": null, "English Name": "Cheese Sticks", "Size": "265 g", "Size Label": "ea"}, {"Category": "Chips & Snacks", "Aisle": "Snacks, Chips & Candy", "Sku": "21081845_EA", "Regular Price": "None", "Sale Price": "3.29", "Image": "https://assets.shop.loblaws.ca/products/21081845/b1/en/front/21081845_front_a01_@2.png", "Brand": "Yum Yum", "Url": "https://www.maxi.ca/snacks-corn-puffs/p/21081845_EA", "Sub Category": null, "English Name": "Snacks Corn Puffs", "Size": "200 g", "Size Label": "ea"}, {"Category": "Chips & Snacks", "Aisle": "Snacks, Chips & Candy", "Sku": "20961696_EA", "Regular Price": "None", "Sale Price": "2.99", "Image": "https://assets.shop.loblaws.ca/products/20961696/b1/en/front/20961696_front_a01_@2.png", "Brand": "Trophy", "Url": "https://www.maxi.ca/peanuts-dry-roasted/p/20961696_EA", "Sub Category": null, "English Name": "Peanuts, Dry Roasted", "Size": "325 g", "Size Label": "ea"}, {"Category": "Chips & Snacks", "Aisle": "Snacks, Chips & Candy", "Sku": "21559933_EA", "Regular Price": "None", "Sale Price": "4.29", "Image": "https://assets.shop.loblaws.ca/products/21559933/b1/en/front/21559933_front_a01_@2.png", "Brand": "Doritos", "Url": "https://www.maxi.ca/guacamole-tortilla-chips/p/21559933_EA", "Sub Category": null, "English Name": "Guacamole Tortilla Chips", "Size": "210 g", "Size Label": "ea"}, {"Category": "Chips & Snacks", "Aisle": "Snacks, Chips & Candy", "Sku": "21003832_EA", "Regular Price": "None", "Sale Price": "2.79", "Image": "https://assets.shop.loblaws.ca/products/21003832/b1/en/front/21003832_front_a01_@2.png", "Brand": "Pringles", "Url": "https://www.maxi.ca/bbq-flavour-potato-chips/p/21003832_EA", "Sub Category": null, "English Name": "BBQ Flavour Potato Chips", "Size": "156 g", "Size Label": "ea"}, {"Category": "Chips & Snacks", "Aisle": "Snacks, Chips & Candy", "Sku": "21240694_EA", "Regular Price": "None", "Sale Price": "4.29", "Image": "https://assets.shop.loblaws.ca/products/21240694/b1/en/front/21240694_front_a01_@2.png", "Brand": "Miss Vickies", "Url": "https://www.maxi.ca/sour-cream-caramelized-onion-flavour-kettle-cooked/p/21240694_EA", "Sub Category": null, "English Name": "Sour Cream & Caramelized Onion flavour kettle cooked potato chips 200g", "Size": "200 g", "Size Label": "ea"}, {"Category": "Chips & Snacks", "Aisle": "Snacks, Chips & Candy", "Sku": "20061228_EA", "Regular Price": "None", "Sale Price": "4.99", "Image": "https://assets.shop.loblaws.ca/products/20061228/b1/en/front/20061228_front_a01_@2.png", "Brand": "Cracker Jack", "Url": "https://www.maxi.ca/original-caramel-coated-popcorn-and-peanuts-200g/p/20061228_EA", "Sub Category": null, "English Name": "Original Caramel Coated Popcorn and Peanuts 200g", "Size": "200 g", "Size Label": "ea"}, {"Category": "Chips & Snacks", "Aisle": "Snacks, Chips & Candy", "Sku": "21241019_EA", "Regular Price": "None", "Sale Price": "3.99", "Image": "https://assets.shop.loblaws.ca/products/21241019/b1/en/front/21241019_front_a01_@2.png", "Brand": "Lay's", "Url": "https://www.maxi.ca/lightly-salted-potato-chips/p/21241019_EA", "Sub Category": null, "English Name": "Lightly Salted Potato Chips", "Size": "235 g", "Size Label": "ea"}, {"Category": "Chips & Snacks", "Aisle": "Snacks, Chips & Candy", "Sku": "21155208_EA", "Regular Price": "None", "Sale Price": "1.69", "Image": "https://assets.shop.loblaws.ca/products/21155208/b1/en/front/21155208_front_a01_@2.png", "Brand": "SS Frutas", "Url": "https://www.maxi.ca/ranch-yuca-crisps/p/21155208_EA", "Sub Category": null, "English Name": "Ranch Yuca Crisps", "Size": "85 g", "Size Label": "ea"}, {"Category": "Chips & Snacks", "Aisle": "Snacks, Chips & Candy", "Sku": "21426018_EA", "Regular Price": "None", "Sale Price": "7.99", "Image": "https://assets.shop.loblaws.ca/products/21426018/b1/en/front/21426018_front_a01_@2.png", "Brand": "President's Choice", "Url": "https://www.maxi.ca/original-kettle-cooked-chips-club-size/p/21426018_EA", "Sub Category": null, "English Name": "Original Kettle Cooked Chips Club Size", "Size": "907 g", "Size Label": "ea"}, {"Category": "Chips & Snacks", "Aisle": "Snacks, Chips & Candy", "Sku": "21472426_EA", "Regular Price": "None", "Sale Price": "8.99", "Image": "https://assets.shop.loblaws.ca/products/21472426/b1/en/front/21472426_front_a01_@2.png", "Brand": "SkinnyPop Popcorn", "Url": "https://www.maxi.ca/pure-popped-perfection-popcorn-family-size/p/21472426_EA", "Sub Category": null, "English Name": "Pure Popped Perfection Popcorn Family Size", "Size": "227 g", "Size Label": "ea"}, {"Category": "Chips & Snacks", "Aisle": "Snacks, Chips & Candy", "Sku": "20297693003_EA", "Regular Price": "None", "Sale Price": "1.49", "Image": "https://assets.shop.loblaws.ca/products/20297693003/b1/en/front/20297693003_front_a01_@2.png", "Brand": "No Name", "Url": "https://www.maxi.ca/butterscotch-pudding-cups-4-pack/p/20297693003_EA", "Sub Category": null, "English Name": "Butterscotch Pudding Cups 4 Pack", "Size": "4x99.0 g", "Size Label": "ea"}, {"Category": "Chips & Snacks", "Aisle": "Snacks, Chips & Candy", "Sku": "20686988002_EA", "Regular Price": "None", "Sale Price": "4.49", "Image": "https://assets.shop.loblaws.ca/products/20686988002/b1/en/front/20686988002_front_a01_@2.png", "Brand": "Nature Valley", "Url": "https://www.maxi.ca/chewy-protein-bars-peanut-butter-dark-chocolate/p/20686988002_EA", "Sub Category": null, "English Name": "Chewy Protein Bars, Peanut Butter Dark Chocolate", "Size": "148 g", "Size Label": "ea"}, {"Category": "Chips & Snacks", "Aisle": "Snacks, Chips & Candy", "Sku": "21213584_EA", "Regular Price": "None", "Sale Price": "4.49", "Image": "https://assets.shop.loblaws.ca/products/21213584/b1/en/front/21213584_front_a01_@2.png", "Brand": "Nature Valley", "Url": "https://www.maxi.ca/sweet-salty-almond-chewy-granola-bars/p/21213584_EA", "Sub Category": null, "English Name": "Sweet & Salty Almond Chewy Granola Bars", "Size": "210 g", "Size Label": "ea"}, {"Category": "Chips & Snacks", "Aisle": "Snacks, Chips & Candy", "Sku": "20702579_EA", "Regular Price": "None", "Sale Price": "2.49", "Image": "https://assets.shop.loblaws.ca/products/20702579/b1/en/front/20702579_front_a01_@2.png", "Brand": "No Name", "Url": "https://www.maxi.ca/crispy-rice-marshmallow-squares/p/20702579_EA", "Sub Category": null, "English Name": "Crispy Rice Marshmallow Squares", "Size": "176 g", "Size Label": "ea"}, {"Category": "Chips & Snacks", "Aisle": "Snacks, Chips & Candy", "Sku": "21384112_EA", "Regular Price": "None", "Sale Price": "10.99", "Image": "https://assets.shop.loblaws.ca/products/21384112/b1/en/front/21384112_front_a01_@2.png", "Brand": "Old Dutch", "Url": "https://www.maxi.ca/cheese-sticks/p/21384112_EA", "Sub Category": null, "English Name": "Cheese Sticks", "Size": "720 g", "Size Label": "ea"}, {"Category": "Chips & Snacks", "Aisle": "Snacks, Chips & Candy", "Sku": "21457082_EA", "Regular Price": "None", "Sale Price": "11.49", "Image": "https://assets.shop.loblaws.ca/products/21457082/b1/en/front/21457082_front_a01_@2.png", "Brand": "Ruffles", "Url": "https://www.maxi.ca/regular-potato-chips-halloween-pack-40-ct/p/21457082_EA", "Sub Category": null, "English Name": "Regular Potato Chips Halloween Pack 40 CT", "Size": "640 g", "Size Label": "ea"}, {"Category": "Chips & Snacks", "Aisle": "Snacks, Chips & Candy", "Sku": "21411481_EA", "Regular Price": "None", "Sale Price": "3.99", "Image": "https://assets.shop.loblaws.ca/products/21411481/b1/en/front/21411481_front_a01_@2.png", "Brand": "GoGo squeez", "Url": "https://www.maxi.ca/fruit-sauce-apple-pineapple-passion-fruit/p/21411481_EA", "Sub Category": null, "English Name": "Fruit Sauce Apple Pineapple Passion Fruit", "Size": "360 g", "Size Label": "ea"}, {"Category": "Chips & Snacks", "Aisle": "Snacks, Chips & Candy", "Sku": "20799507_EA", "Regular Price": "None", "Sale Price": "5.29", "Image": "https://assets.shop.loblaws.ca/products/20799507/b1/en/front/20799507_front_a01_@2.png", "Brand": "Pillsbury", "Url": "https://www.maxi.ca/ready-to-bake-pumpkin-spice/p/20799507_EA", "Sub Category": null, "English Name": "Ready To Bake, Pumpkin Spice", "Size": "396 g", "Size Label": "ea"}, {"Category": "Chips & Snacks", "Aisle": "Snacks, Chips & Candy", "Sku": "21551366_EA", "Regular Price": "None", "Sale Price": "6.99", "Image": "https://assets.shop.loblaws.ca/products/21551366/b1/en/front/21551366_front_a01_@2.png", "Brand": "Neal Brothers Foods", "Url": "https://www.maxi.ca/tortillas-organic-nacho-cheese/p/21551366_EA", "Sub Category": null, "English Name": "Tortillas Organic Nacho Cheese", "Size": "255 g", "Size Label": "ea"}, {"Category": "Chips & Snacks", "Aisle": "Snacks, Chips & Candy", "Sku": "20415694001_EA", "Regular Price": "None", "Sale Price": "3.99", "Image": "https://assets.shop.loblaws.ca/products/20415694001/b1/en/front/20415694001_front_a01_@2.png", "Brand": "GoGo squeez", "Url": "https://www.maxi.ca/squeeze-applesauce-apple-banana/p/20415694001_EA", "Sub Category": null, "English Name": "Squeeze, Applesauce Apple Banana", "Size": "4x90.0 g", "Size Label": "ea"}, {"Category": "Chips & Snacks", "Aisle": "Snacks, Chips & Candy", "Sku": "20946573_EA", "Regular Price": "None", "Sale Price": "3.29", "Image": "https://assets.shop.loblaws.ca/products/20946573/b1/en/front/20946573_front_a01_@2.png", "Brand": "Spitz", "Url": "https://www.maxi.ca/sunflower-seeds-dill-pickle/p/20946573_EA", "Sub Category": null, "English Name": "Sunflower Seeds, Dill Pickle", "Size": "210 g", "Size Label": "ea"}, {"Category": "Chips & Snacks", "Aisle": "Snacks, Chips & Candy", "Sku": "20946985_EA", "Regular Price": "None", "Sale Price": "2.50", "Image": "https://assets.shop.loblaws.ca/products/20946985/b1/en/front/20946985_front_a01_@2.png", "Brand": "Spitz", "Url": "https://www.maxi.ca/sunflower-seeds-spicy-sweet-chili/p/20946985_EA", "Sub Category": null, "English Name": "Sunflower Seeds, Spicy Sweet Chili", "Size": "227 g", "Size Label": "ea"}, {"Category": "Chips & Snacks", "Aisle": "Snacks, Chips & Candy", "Sku": "21504799_EA", "Regular Price": "None", "Sale Price": "2.99", "Image": "https://assets.shop.loblaws.ca/products/21504799/b1/en/front/21504799_front_a01_@2.png", "Brand": "Kelloggs", "Url": "https://www.maxi.ca/homestyle-rice-krispies-squares-original/p/21504799_EA", "Sub Category": null, "English Name": "Homestyle Rice Krispies Squares Original", "Size": "198 g", "Size Label": "ea"}, {"Category": "Chips & Snacks", "Aisle": "Snacks, Chips & Candy", "Sku": "21369419_EA", "Regular Price": "4.79", "Sale Price": "4.29", "Image": "https://assets.shop.loblaws.ca/products/21369419/b1/en/front/21369419_front_a01_@2.png", "Brand": "Miss Vickies", "Url": "https://www.maxi.ca/spicy-dill-pickle-flavour-kettle-cooked-potato-chi/p/21369419_EA", "Sub Category": null, "English Name": "Spicy Dill Pickle flavour kettle cooked potato chips 200g", "Size": "200 g", "Size Label": "ea"}, {"Category": "Chips & Snacks", "Aisle": "Snacks, Chips & Candy", "Sku": "20939688_EA", "Regular Price": "2.59", "Sale Price": "2.29", "Image": "https://assets.shop.loblaws.ca/products/20939688/b1/en/front/20939688_front_a01_@2.png", "Brand": "President's Choice", "Url": "https://www.maxi.ca/apple-mango-sweet-potato-squeeze-fruit-snacks/p/20939688_EA", "Sub Category": null, "English Name": "Apple Mango Sweet Potato Squeeze Fruit Snacks", "Size": "4x90.0 g", "Size Label": "ea"}, {"Category": "Chips & Snacks", "Aisle": "Snacks, Chips & Candy", "Sku": "21520692_EA", "Regular Price": "4.29", "Sale Price": "3.49", "Image": "https://assets.shop.loblaws.ca/products/21520692/b1/en/front/21520692_front_a01_@2.png", "Brand": "Kettle", "Url": "https://www.maxi.ca/potato-chips-honey-dijon/p/21520692_EA", "Sub Category": null, "English Name": "Potato Chips Honey Dijon", "Size": "198 g", "Size Label": "ea"}, {"Category": "Chips & Snacks", "Aisle": "Snacks, Chips & Candy", "Sku": "20847584_EA", "Regular Price": "None", "Sale Price": "2.29", "Image": "https://assets.shop.loblaws.ca/products/20847584/b1/en/front/20847584_front_a01_@2.png", "Brand": "Quaker", "Url": "https://www.maxi.ca/dipps-granola-bars-peanut-butter/p/20847584_EA", "Sub Category": null, "English Name": "Dipps Granola Bars \u2013 Peanut Butter", "Size": "156 g", "Size Label": "ea"}, {"Category": "Chips & Snacks", "Aisle": "Snacks, Chips & Candy", "Sku": "21550359_EA", "Regular Price": "None", "Sale Price": "4.49", "Image": "https://assets.shop.loblaws.ca/products/21550359/b1/en/front/21550359_front_a01_@2.png", "Brand": "Tostitos", "Url": "https://www.maxi.ca/hint-of-zesty-cheddar-flavour-tortilla-chips/p/21550359_EA", "Sub Category": null, "English Name": "Hint of Zesty Cheddar Flavour Tortilla Chips", "Size": "275 g", "Size Label": "ea"}, {"Category": "Chips & Snacks", "Aisle": "Snacks, Chips & Candy", "Sku": "21504797_EA", "Regular Price": "None", "Sale Price": "2.99", "Image": "https://assets.shop.loblaws.ca/products/21504797/b1/en/front/21504797_front_a01_@2.png", "Brand": "Kelloggs", "Url": "https://www.maxi.ca/homestyle-rice-krispies-squares-chocolate-limited/p/21504797_EA", "Sub Category": null, "English Name": "Homestyle Rice Krispies Squares Chocolate Limited Edition", "Size": "198 g", "Size Label": "ea"}, {"Category": "Chips & Snacks", "Aisle": "Snacks, Chips & Candy", "Sku": "20887250_EA", "Regular Price": "3.99", "Sale Price": "2.99", "Image": "https://assets.shop.loblaws.ca/products/20887250/b1/en/front/20887250_front_a01_@2.png", "Brand": "Nature Valley", "Url": "https://www.maxi.ca/lunchbox-double-chocolate-flavour/p/20887250_EA", "Sub Category": null, "English Name": "Lunchbox - Double Chocolate Flavour", "Size": "130 g", "Size Label": "ea"}, {"Category": "Chips & Snacks", "Aisle": "Snacks, Chips & Candy", "Sku": "20163708005_EA", "Regular Price": "None", "Sale Price": "2.29", "Image": "https://assets.shop.loblaws.ca/products/20163708005/b1/en/front/20163708005_front_a01_@2.png", "Brand": "Quaker", "Url": "https://www.maxi.ca/crispy-minis-butter-popcorn-flavour-large-brown-ri/p/20163708005_EA", "Sub Category": null, "English Name": "Crispy Minis Butter Popcorn Flavour Large Brown Rice Cakes", "Size": "127 g", "Size Label": "ea"}, {"Category": "Chips & Snacks", "Aisle": "Snacks, Chips & Candy", "Sku": "20315520005_EA", "Regular Price": "3.99", "Sale Price": "2.99", "Image": "https://assets.shop.loblaws.ca/products/20315520005/b1/en/front/20315520005_front_a01_@2.png", "Brand": "Nature Valley", "Url": "https://www.maxi.ca/chewy-trail-mix-granola-bars-fruit-nut/p/20315520005_EA", "Sub Category": null, "English Name": "Chewy Trail Mix Granola Bars, Fruit & Nut", "Size": "175 g", "Size Label": "ea"}, {"Category": "Chips & Snacks", "Aisle": "Snacks, Chips & Candy", "Sku": "20318455003_EA", "Regular Price": "3.69", "Sale Price": "3.49", "Image": "https://assets.shop.loblaws.ca/products/20318455003/b1/en/front/20318455003_front_a01_@2.png", "Brand": "Dole", "Url": "https://www.maxi.ca/fruit-bowls-diced-peaches-in-light-syrup/p/20318455003_EA", "Sub Category": null, "English Name": "Fruit Bowls Diced Peaches in Light Syrup", "Size": "4x107.0 ml", "Size Label": "ea"}, {"Category": "Chips & Snacks", "Aisle": "Snacks, Chips & Candy", "Sku": "20318455002_EA", "Regular Price": "3.69", "Sale Price": "3.49", "Image": "https://assets.shop.loblaws.ca/products/20318455002/b1/en/front/20318455002_front_a01_@2.png", "Brand": "Dole", "Url": "https://www.maxi.ca/fruit-bowls-pears-diced/p/20318455002_EA", "Sub Category": null, "English Name": "Fruit Bowls Pears, Diced", "Size": "4x107.0 ml", "Size Label": "ea"}, {"Category": "Chips & Snacks", "Aisle": "Snacks, Chips & Candy", "Sku": "20629532002_EA", "Regular Price": "None", "Sale Price": "4.99", "Image": "https://assets.shop.loblaws.ca/products/20629532002/b1/en/front/20629532002_front_a01_@2.png", "Brand": "Orville", "Url": "https://www.maxi.ca/popcorn-bowl-buttery/p/20629532002_EA", "Sub Category": null, "English Name": "Popcorn Bowl, Buttery", "Size": "6x82.0 g", "Size Label": "ea"}, {"Category": "Chips & Snacks", "Aisle": "Snacks, Chips & Candy", "Sku": "20415694002_EA", "Regular Price": "None", "Sale Price": "3.99", "Image": "https://assets.shop.loblaws.ca/products/20415694002/b1/en/front/20415694002_front_a01_@2.png", "Brand": "GoGo squeez", "Url": "https://www.maxi.ca/squeeze-apple-peach/p/20415694002_EA", "Sub Category": null, "English Name": "Squeeze, Apple Peach", "Size": "90 g", "Size Label": "ea"}, {"Category": "Chips & Snacks", "Aisle": "Snacks, Chips & Candy", "Sku": "20952626_EA", "Regular Price": "3.99", "Sale Price": "2.99", "Image": "https://assets.shop.loblaws.ca/products/20952626/b1/en/front/20952626_front_a01_@2.png", "Brand": "Betty Crocker", "Url": "https://www.maxi.ca/kids-fruit-snacks/p/20952626_EA", "Sub Category": null, "English Name": "Kids Fruit Snacks", "Size": "226 g", "Size Label": "ea"}, {"Category": "Chips & Snacks", "Aisle": "Snacks, Chips & Candy", "Sku": "21019805_EA", "Regular Price": "None", "Sale Price": "3.99", "Image": "https://assets.shop.loblaws.ca/products/21019805/b1/en/front/21019805_front_a01_@2.png", "Brand": "Jell-O", "Url": "https://www.maxi.ca/refrigerated-pudding-snacks-strawberry-cheesecake/p/21019805_EA", "Sub Category": null, "English Name": "Refrigerated Pudding Snacks, Strawberry Cheesecake", "Size": "4x99.0 g", "Size Label": "ea"}, {"Category": "Chips & Snacks", "Aisle": "Snacks, Chips & Candy", "Sku": "20686716001_EA", "Regular Price": "3.99", "Sale Price": "2.99", "Image": "https://assets.shop.loblaws.ca/products/20686716001/b1/en/front/20686716001_front_a01_@2.png", "Brand": "Mott's", "Url": "https://www.maxi.ca/fruitsations-veggie-assorted-fruit/p/20686716001_EA", "Sub Category": null, "English Name": "Fruitsations + Veggie Assorted Fruit", "Size": "226 g", "Size Label": "ea"}, {"Category": "Chips & Snacks", "Aisle": "Snacks, Chips & Candy", "Sku": "20315413002_EA", "Regular Price": "None", "Sale Price": "1.99", "Image": "https://assets.shop.loblaws.ca/products/20315413002/b1/en/front/20315413002_front_a01_@2.png", "Brand": "No Name", "Url": "https://www.maxi.ca/sweet-salty-almond-chewy-nut-bars/p/20315413002_EA", "Sub Category": null, "English Name": "Sweet & Salty Almond Chewy Nut Bars", "Size": "175 g", "Size Label": "ea"}, {"Category": "Chips & Snacks", "Aisle": "Snacks, Chips & Candy", "Sku": "20324241001_EA", "Regular Price": "2.44", "Sale Price": "2.29", "Image": "https://assets.shop.loblaws.ca/products/20324241001/b1/en/front/20324241001_front_a01_@2.png", "Brand": "Mott's", "Url": "https://www.maxi.ca/fruitsations-original-apple/p/20324241001_EA", "Sub Category": null, "English Name": "Fruitsations, Original Apple", "Size": "104 ml", "Size Label": "ea"}, {"Category": "Chips & Snacks", "Aisle": "Snacks, Chips & Candy", "Sku": "20305180_EA", "Regular Price": "None", "Sale Price": "2.79", "Image": "https://assets.shop.loblaws.ca/products/20305180/b1/en/front/20305180_front_a01_@2.png", "Brand": "President's Choice", "Url": "https://www.maxi.ca/white-corn-restaurant-style-tortilla-chips/p/20305180_EA", "Sub Category": null, "English Name": "White Corn Restaurant Style Tortilla Chips ", "Size": "320 g", "Size Label": "ea"}, {"Category": "Chips & Snacks", "Aisle": "Snacks, Chips & Candy", "Sku": "21019801_EA", "Regular Price": "None", "Sale Price": "3.99", "Image": "https://assets.shop.loblaws.ca/products/21019801/b1/en/front/21019801_front_a01_@2.png", "Brand": "Jell-O", "Url": "https://www.maxi.ca/dulce-de-leche-no-sugar-added-ready-to-eat-refrige/p/21019801_EA", "Sub Category": null, "English Name": "Dulce de Leche No Sugar Added Ready-to-Eat Refrigerated Pudding Cups Snack", "Size": "4x106.0 g", "Size Label": "ea"}, {"Category": "Chips & Snacks", "Aisle": "Snacks, Chips & Candy", "Sku": "20521655_EA", "Regular Price": "2.49", "Sale Price": "2.29", "Image": "https://assets.shop.loblaws.ca/products/20521655/b1/en/front/20521655_front_a01_@2.png", "Brand": "No Name", "Url": "https://www.maxi.ca/fruit-salad-with-cherries-in-light-syrup/p/20521655_EA", "Sub Category": null, "English Name": "Fruit Salad with Cherries in Light Syrup", "Size": "4x107.0 ml", "Size Label": "ea"}, {"Category": "Chips & Snacks", "Aisle": "Snacks, Chips & Candy", "Sku": "20163708005_EA", "Regular Price": "None", "Sale Price": "2.29", "Image": "https://assets.shop.loblaws.ca/products/20163708005/b1/en/front/20163708005_front_a01_@2.png", "Brand": "Quaker", "Url": "https://www.maxi.ca/crispy-minis-butter-popcorn-flavour-large-brown-ri/p/20163708005_EA", "Sub Category": null, "English Name": "Crispy Minis Butter Popcorn Flavour Large Brown Rice Cakes", "Size": "127 g", "Size Label": "ea"}, {"Category": "Chips & Snacks", "Aisle": "Snacks, Chips & Candy", "Sku": "20315520005_EA", "Regular Price": "3.99", "Sale Price": "2.99", "Image": "https://assets.shop.loblaws.ca/products/20315520005/b1/en/front/20315520005_front_a01_@2.png", "Brand": "Nature Valley", "Url": "https://www.maxi.ca/chewy-trail-mix-granola-bars-fruit-nut/p/20315520005_EA", "Sub Category": null, "English Name": "Chewy Trail Mix Granola Bars, Fruit & Nut", "Size": "175 g", "Size Label": "ea"}, {"Category": "Chips & Snacks", "Aisle": "Snacks, Chips & Candy", "Sku": "20501983001_EA", "Regular Price": "None", "Sale Price": "6.99", "Image": "https://assets.shop.loblaws.ca/products/20501983001/b1/en/front/20501983001_front_a01_@2.png", "Brand": "Jack Links", "Url": "https://www.maxi.ca/beef-jerky-jalapeno/p/20501983001_EA", "Sub Category": null, "English Name": "Beef Jerky, Jalapeno", "Size": "80 g", "Size Label": "ea"}, {"Category": "Chips & Snacks", "Aisle": "Snacks, Chips & Candy", "Sku": "20991017_EA", "Regular Price": "None", "Sale Price": "5.49", "Image": "https://assets.shop.loblaws.ca/products/20991017/b1/en/front/20991017_front_a01_@2.png", "Brand": "Tostitos", "Url": "https://www.maxi.ca/simply-blue-corn-tortilla-chips/p/20991017_EA", "Sub Category": null, "English Name": "Simply Blue Corn Tortilla Chips", "Size": "240 g", "Size Label": "ea"}, {"Category": "Chips & Snacks", "Aisle": "Snacks, Chips & Candy", "Sku": "20946980_EA", "Regular Price": "None", "Sale Price": "3.29", "Image": "https://assets.shop.loblaws.ca/products/20946980/b1/en/front/20946980_front_a01_@2.png", "Brand": "Spitz", "Url": "https://www.maxi.ca/sunflower-seeds-salted/p/20946980_EA", "Sub Category": null, "English Name": "Sunflower Seeds, Salted", "Size": "227 g", "Size Label": "ea"}, {"Category": "Chips & Snacks", "Aisle": "Snacks, Chips & Candy", "Sku": "20663717_EA", "Regular Price": "None", "Sale Price": "4.49", "Image": "https://assets.shop.loblaws.ca/products/20663717/b1/en/front/20663717_front_a01_@2.png", "Brand": "Imperial", "Url": "https://www.maxi.ca/pop-corn-resealable/p/20663717_EA", "Sub Category": null, "English Name": "Pop Corn, Resealable", "Size": "400 g", "Size Label": "ea"}, {"Category": "Chips & Snacks", "Aisle": "Snacks, Chips & Candy", "Sku": "20689864015_EA", "Regular Price": "None", "Sale Price": "3.39", "Image": "https://assets.shop.loblaws.ca/products/20689864015/b1/en/front/20689864015_front_a01_@2.png", "Brand": "Old Dutch", "Url": "https://www.maxi.ca/rip-l-potato-chips-all-dressed/p/20689864015_EA", "Sub Category": null, "English Name": "Rip-L Potato Chips, All Dressed", "Size": "180 g", "Size Label": "ea"}, {"Category": "Chips & Snacks", "Aisle": "Snacks, Chips & Candy", "Sku": "20712862_EA", "Regular Price": "None", "Sale Price": "5.49", "Image": "https://assets.shop.loblaws.ca/products/20712862/b1/en/front/20712862_front_a01_@2.png", "Brand": "No Name", "Url": "https://www.maxi.ca/regular-rippled-potato-chips/p/20712862_EA", "Sub Category": null, "English Name": "Regular Rippled Potato Chips", "Size": "750 g", "Size Label": "ea"}, {"Category": "Chips & Snacks", "Aisle": "Snacks, Chips & Candy", "Sku": "21547695_EA", "Regular Price": "9.99", "Sale Price": "8.99", "Image": "https://assets.shop.loblaws.ca/products/21547695/b1/en/front/21547695_front_a01_@2.png", "Brand": "GoGo squeez", "Url": "https://www.maxi.ca/fruitz-veggiez-fruit-sauce-made-from-100-fruit-12/p/21547695_EA", "Sub Category": null, "English Name": "Fruitz & Veggiez Fruit Sauce, Made from 100% Fruit, 12 Pack", "Size": "1.08 kg", "Size Label": "ea"}, {"Category": "Chips & Snacks", "Aisle": "Snacks, Chips & Candy", "Sku": "21241020_EA", "Regular Price": "None", "Sale Price": "3.99", "Image": "https://assets.shop.loblaws.ca/products/21241020/b1/en/front/21241020_front_a01_@2.png", "Brand": "Lay's", "Url": "https://www.maxi.ca/dill-pickle-flavoured-potato-chips/p/21241020_EA", "Sub Category": null, "English Name": "Dill Pickle flavoured potato chips", "Size": "235 g", "Size Label": "ea"}, {"Category": "Chips & Snacks", "Aisle": "Snacks, Chips & Candy", "Sku": "21370259_EA", "Regular Price": "None", "Sale Price": "4.99", "Image": "https://assets.shop.loblaws.ca/products/21370259/b1/en/front/21370259_front_a01_@2.png", "Brand": "PopCorners", "Url": "https://www.maxi.ca/white-cheddar-flavoured-popped-corn-chips/p/21370259_EA", "Sub Category": null, "English Name": "White Cheddar Flavoured Popped-Corn Chips", "Size": "142 g", "Size Label": "ea"}, {"Category": "Chips & Snacks", "Aisle": "Snacks, Chips & Candy", "Sku": "21371269_EA", "Regular Price": "3.99", "Sale Price": "2.99", "Image": "https://assets.shop.loblaws.ca/products/21371269/b1/en/front/21371269_front_a01_@2.png", "Brand": "Pillsbury", "Url": "https://www.maxi.ca/brownie-smores-granola-bars/p/21371269_EA", "Sub Category": null, "English Name": "Brownie Smores Granola Bars", "Size": "150 g", "Size Label": "ea"}, {"Category": "Chips & Snacks", "Aisle": "Snacks, Chips & Candy", "Sku": "21418557_EA", "Regular Price": "None", "Sale Price": "11.99", "Image": "https://assets.shop.loblaws.ca/products/21418557/b1/en/front/21418557_front_a01_@2.png", "Brand": "Nature Valley", "Url": "https://www.maxi.ca/crunchy-granola-bars-oats-n-honey/p/21418557_EA", "Sub Category": null, "English Name": "Crunchy Granola Bars Oats 'n' Honey", "Size": "1.28 kg", "Size Label": "ea"}, {"Category": "Chips & Snacks", "Aisle": "Snacks, Chips & Candy", "Sku": "21359379_EA", "Regular Price": "None", "Sale Price": "12.49", "Image": "https://assets.shop.loblaws.ca/products/21359379/b1/en/front/21359379_front_a01_@2.png", "Brand": "Quaker", "Url": "https://www.maxi.ca/chewy-smores-bar/p/21359379_EA", "Sub Category": null, "English Name": "Chewy Smores Bar   ", "Size": "960 g", "Size Label": "ea"}, {"Category": "Chips & Snacks", "Aisle": "Snacks, Chips & Candy", "Sku": "20297693004_EA", "Regular Price": "None", "Sale Price": "1.49", "Image": "https://assets.shop.loblaws.ca/products/20297693004/b1/en/front/20297693004_front_a01_@2.png", "Brand": "No Name", "Url": "https://www.maxi.ca/vanilla-pudding-cups-4-pack/p/20297693004_EA", "Sub Category": null, "English Name": "Vanilla Pudding Cups 4 Pack", "Size": "4x99.0 g", "Size Label": "ea"}, {"Category": "Chips & Snacks", "Aisle": "Snacks, Chips & Candy", "Sku": "20309701003_EA", "Regular Price": "2.79", "Sale Price": "2.29", "Image": "https://assets.shop.loblaws.ca/products/20309701003/b1/en/front/20309701003_front_a01_@2.png", "Brand": "President's Choice", "Url": "https://www.maxi.ca/apple-strawberry-apple-sauce/p/20309701003_EA", "Sub Category": null, "English Name": "Apple-Strawberry Apple Sauce", "Size": "6x100.0 ml", "Size Label": "ea"}, {"Category": "Chips & Snacks", "Aisle": "Snacks, Chips & Candy", "Sku": "21404783_EA", "Regular Price": "None", "Sale Price": "3.69", "Image": "https://assets.shop.loblaws.ca/products/21404783/b1/en/front/21404783_front_a01_@2.png", "Brand": "Dole", "Url": "https://www.maxi.ca/mandarins-in-orange-gel/p/21404783_EA", "Sub Category": null, "English Name": "Mandarins In Orange Gel", "Size": "492 g", "Size Label": "ea"}, {"Category": "Chips & Snacks", "Aisle": "Snacks, Chips & Candy", "Sku": "20315520002_EA", "Regular Price": "3.99", "Sale Price": "2.99", "Image": "https://assets.shop.loblaws.ca/products/20315520002/b1/en/front/20315520002_front_a01_@2.png", "Brand": "Nature Valley", "Url": "https://www.maxi.ca/crunchy-granola-bars-oats-n-honey/p/20315520002_EA", "Sub Category": null, "English Name": "Crunchy Granola Bars, Oats 'N' Honey", "Size": "230 g", "Size Label": "ea"}, {"Category": "Chips & Snacks", "Aisle": "Snacks, Chips & Candy", "Sku": "20318455008_EA", "Regular Price": "None", "Sale Price": "3.69", "Image": "https://assets.shop.loblaws.ca/products/20318455008/b1/en/front/20318455008_front_a01_@2.png", "Brand": "Dole", "Url": "https://www.maxi.ca/fruit-bowls-mandarin-oranges-in-water/p/20318455008_EA", "Sub Category": null, "English Name": "Fruit Bowls, Mandarin Oranges in Water", "Size": "4x107.0 ml", "Size Label": "ea"}, {"Category": "Chips & Snacks", "Aisle": "Snacks, Chips & Candy", "Sku": "21014823_EA", "Regular Price": "None", "Sale Price": "10.49", "Image": "https://assets.shop.loblaws.ca/products/21014823/b1/en/front/21014823_front_a01_@2.png", "Brand": "Kelloggs", "Url": "https://www.maxi.ca/krispies-squares-bars-original-jumbo-pack-30-bars/p/21014823_EA", "Sub Category": null, "English Name": "Krispies Squares Bars, Original Jumbo Pack 30 Bars", "Size": "660 g", "Size Label": "ea"}, {"Category": "Chips & Snacks", "Aisle": "Snacks, Chips & Candy", "Sku": "21352943_EA", "Regular Price": "None", "Sale Price": "2.99", "Image": "https://assets.shop.loblaws.ca/products/21352943/b1/en/front/21352943_front_a01_@2.png", "Brand": "Kashi", "Url": "https://www.maxi.ca/soft-baked-cereal-bars-strawberry-7-grain-5-bars/p/21352943_EA", "Sub Category": null, "English Name": "Soft Baked Cereal Bars Strawberry 7 Grain 5 Bars", "Size": "175 g", "Size Label": "ea"}, {"Category": "Chips & Snacks", "Aisle": "Snacks, Chips & Candy", "Sku": "21422827_EA", "Regular Price": "None", "Sale Price": "1.79", "Image": "https://assets.shop.loblaws.ca/products/21422827/b1/en/front/21422827_front_a01_@2.png", "Brand": "Betty Crocker", "Url": "https://www.maxi.ca/dunkaroos-vanilla-cookies-with-rainbow-sprinkles-f/p/21422827_EA", "Sub Category": null, "English Name": "Dunkaroos Vanilla Cookies with Rainbow Sprinkles Frosting", "Size": "42 g", "Size Label": "ea"}, {"Category": "Chips & Snacks", "Aisle": "Snacks, Chips & Candy", "Sku": "20188557_EA", "Regular Price": "None", "Sale Price": "2.49", "Image": "https://assets.shop.loblaws.ca/products/20188557/b1/en/front/20188557_front_a01_@2.png", "Brand": "No Name", "Url": "https://www.maxi.ca/pretzel-twists/p/20188557_EA", "Sub Category": null, "English Name": "Pretzel Twists", "Size": "200 g", "Size Label": "ea"}, {"Category": "Chips & Snacks", "Aisle": "Snacks, Chips & Candy", "Sku": "20309701005_EA", "Regular Price": "2.79", "Sale Price": "2.29", "Image": "https://assets.shop.loblaws.ca/products/20309701005/b1/en/front/20309701005_front_a01_@2.png", "Brand": "President's Choice", "Url": "https://www.maxi.ca/unsweetened-apple-mango-apple-sauce/p/20309701005_EA", "Sub Category": null, "English Name": "Unsweetened Apple-Mango Apple Sauce", "Size": "6x100.0 ml", "Size Label": "ea"}, {"Category": "Chips & Snacks", "Aisle": "Snacks, Chips & Candy", "Sku": "21520658_EA", "Regular Price": "4.29", "Sale Price": "3.49", "Image": "https://assets.shop.loblaws.ca/products/21520658/b1/en/front/21520658_front_a01_@2.png", "Brand": "Kettle", "Url": "https://www.maxi.ca/potato-chips-backyard-barbeque/p/21520658_EA", "Sub Category": null, "English Name": "Potato Chips Backyard Barbeque", "Size": "198 g", "Size Label": "ea"}, {"Category": "Chips & Snacks", "Aisle": "Snacks, Chips & Candy", "Sku": "20500386004_EA", "Regular Price": "None", "Sale Price": "5.99", "Image": "https://assets.shop.loblaws.ca/products/20500386004/b1/en/front/20500386004_front_a01_@2.png", "Brand": "Blue Diamond", "Url": "https://www.maxi.ca/almonds-smokehouse/p/20500386004_EA", "Sub Category": null, "English Name": "Almonds, Smokehouse", "Size": "170 g", "Size Label": "ea"}, {"Category": "Chips & Snacks", "Aisle": "Snacks, Chips & Candy", "Sku": "21384786_EA", "Regular Price": "None", "Sale Price": "3.49", "Image": "https://assets.shop.loblaws.ca/products/21384786/b1/en/front/21384786_front_a01_@2.png", "Brand": "Welch's", "Url": "https://www.maxi.ca/fruit-snacks-mixed-fruit-10-x-22g/p/21384786_EA", "Sub Category": null, "English Name": "Fruit Snacks Mixed Fruit 10 x 22g", "Size": "22 g", "Size Label": "ea"}, {"Category": "Chips & Snacks", "Aisle": "Snacks, Chips & Candy", "Sku": "21507858_EA", "Regular Price": "None", "Sale Price": "2.49", "Image": "https://assets.shop.loblaws.ca/products/21507858/b1/en/front/21507858_front_a01_@2.png", "Brand": "Leclerc", "Url": "https://www.maxi.ca/go-pure-oatmeal-bars-banana-bread-chocolate-chip/p/21507858_EA", "Sub Category": null, "English Name": "Go Pure Oatmeal Bars Banana Bread Chocolate Chip", "Size": "175 g", "Size Label": "ea"}, {"Category": "Chips & Snacks", "Aisle": "Snacks, Chips & Candy", "Sku": "21457401_EA", "Regular Price": "None", "Sale Price": "4.79", "Image": "https://assets.shop.loblaws.ca/products/21457401/b1/en/front/21457401_front_a01_@2.png", "Brand": "Nutella", "Url": "https://www.maxi.ca/b-ready-crunchy-wafer-filled-with-delicious-nutell/p/21457401_EA", "Sub Category": null, "English Name": "B-ready, Crunchy wafer filled with delicious Nutella, 6 bars per pack, ", "Size": "132 g", "Size Label": "ea"}, {"Category": "Chips & Snacks", "Aisle": "Snacks, Chips & Candy", "Sku": "21430725_EA", "Regular Price": "None", "Sale Price": "2.79", "Image": "https://assets.shop.loblaws.ca/products/21430725/b1/en/front/21430725_front_a01_@2.png", "Brand": "President's Choice", "Url": "https://www.maxi.ca/honey-dijon-flavour-kettle-cooked-chips/p/21430725_EA", "Sub Category": null, "English Name": "Honey Dijon Flavour Kettle Cooked Chips", "Size": "200 g", "Size Label": "ea"}, {"Category": "Chips & Snacks", "Aisle": "Snacks, Chips & Candy", "Sku": "21449885_EA", "Regular Price": "None", "Sale Price": "3.79", "Image": "https://assets.shop.loblaws.ca/products/21449885/b1/en/front/21449885_front_a01_@2.png", "Brand": "Betty Crocker", "Url": "https://www.maxi.ca/dunkaroos-chocolate/p/21449885_EA", "Sub Category": null, "English Name": "Dunkaroos Chocolate", "Size": "168 g", "Size Label": "ea"}, {"Category": "Chips & Snacks", "Aisle": "Snacks, Chips & Candy", "Sku": "21221451_EA", "Regular Price": "None", "Sale Price": "2.49", "Image": "https://assets.shop.loblaws.ca/products/21221451/b1/en/front/21221451_front_a01_@2.png", "Brand": "Leclerc", "Url": "https://www.maxi.ca/go-pure-fruit-and-oat-bars-raspberry/p/21221451_EA", "Sub Category": null, "English Name": "Go Pure Fruit and Oat Bars, Raspberry", "Size": "140 g", "Size Label": "ea"}, {"Category": "Chips & Snacks", "Aisle": "Snacks, Chips & Candy", "Sku": "20313984004_EA", "Regular Price": "None", "Sale Price": "2.99", "Image": "https://assets.shop.loblaws.ca/products/20313984004/b1/en/front/20313984004_front_a01_@2.png", "Brand": "Kelloggs", "Url": "https://www.maxi.ca/nutri-grain-cereal-bars-blueberry-8-bars/p/20313984004_EA", "Sub Category": null, "English Name": "Nutri-Grain Cereal Bars, Blueberry 8 Bars", "Size": "295 g", "Size Label": "ea"}, {"Category": "Chips & Snacks", "Aisle": "Snacks, Chips & Candy", "Sku": "20320975003_EA", "Regular Price": "3.99", "Sale Price": "2.99", "Image": "https://assets.shop.loblaws.ca/products/20320975003/b1/en/front/20320975003_front_a01_@2.png", "Brand": "Betty Crocker", "Url": "https://www.maxi.ca/paw-patrol-special-edition-fruit-flavoured-snacks/p/20320975003_EA", "Sub Category": null, "English Name": "Paw Patrol Special Edition Fruit Flavoured Snacks", "Size": "226 g", "Size Label": "ea"}, {"Category": "Chips & Snacks", "Aisle": "Snacks, Chips & Candy", "Sku": "20318474002_EA", "Regular Price": "3.99", "Sale Price": "2.99", "Image": "https://assets.shop.loblaws.ca/products/20318474002/b1/en/front/20318474002_front_a01_@2.png", "Brand": "Betty Crocker", "Url": "https://www.maxi.ca/fruit-by-the-foot-rippin-berry-berry/p/20318474002_EA", "Sub Category": null, "English Name": "Fruit By The Foot, Rippin' Berry Berry", "Size": "128 g", "Size Label": "ea"}, {"Category": "Chips & Snacks", "Aisle": "Snacks, Chips & Candy", "Sku": "21348616_EA", "Regular Price": "None", "Sale Price": "1.49", "Image": "https://assets.shop.loblaws.ca/products/21348616/b1/en/front/21348616_front_a01_@2.png", "Brand": "No Name", "Url": "https://www.maxi.ca/spicy-barbecue-potato-chips/p/21348616_EA", "Sub Category": null, "English Name": "Spicy Barbecue Potato Chips ", "Size": "200 g", "Size Label": "ea"}, {"Category": "Chips & Snacks", "Aisle": "Snacks, Chips & Candy", "Sku": "20318062001_EA", "Regular Price": "None", "Sale Price": "3.00", "Image": "https://assets.shop.loblaws.ca/products/20318062001/b1/en/front/20318062001_front_a01_@2.png", "Brand": "No Name", "Url": "https://www.maxi.ca/salted-blanched-peanuts/p/20318062001_EA", "Sub Category": null, "English Name": "Salted Blanched Peanuts", "Size": "500 g", "Size Label": "ea"}, {"Category": "Chips & Snacks", "Aisle": "Snacks, Chips & Candy", "Sku": "21359382_EA", "Regular Price": "None", "Sale Price": "2.29", "Image": "https://assets.shop.loblaws.ca/products/21359382/b1/en/front/21359382_front_a01_@2.png", "Brand": "Quaker", "Url": "https://www.maxi.ca/chewy-apple-bar/p/21359382_EA", "Sub Category": null, "English Name": "Chewy Apple Bar   ", "Size": "120 g", "Size Label": "ea"}, {"Category": "Chips & Snacks", "Aisle": "Snacks, Chips & Candy", "Sku": "21293650_EA", "Regular Price": "None", "Sale Price": "4.29", "Image": "https://assets.shop.loblaws.ca/products/21293650/b1/en/front/21293650_front_a01_@2.png", "Brand": "Cheetos", "Url": "https://www.maxi.ca/leaves-ketchup-cheese-flavoured-snacks/p/21293650_EA", "Sub Category": null, "English Name": "Leaves Ketchup Cheese Flavoured Snacks", "Size": "170 g", "Size Label": "ea"}, {"Category": "Chips & Snacks", "Aisle": "Snacks, Chips & Candy", "Sku": "20686716002_EA", "Regular Price": "3.99", "Sale Price": "2.99", "Image": "https://assets.shop.loblaws.ca/products/20686716002/b1/en/front/20686716002_front_a01_@2.png", "Brand": "Mott's", "Url": "https://www.maxi.ca/fruitsations-veggie-fruit-flavoured-snacks-berry/p/20686716002_EA", "Sub Category": null, "English Name": "Fruitsations + Veggie Fruit Flavoured Snacks, Berry", "Size": "226 g", "Size Label": "ea"}, {"Category": "Chips & Snacks", "Aisle": "Snacks, Chips & Candy", "Sku": "20310707008_EA", "Regular Price": "None", "Sale Price": "2.29", "Image": "https://assets.shop.loblaws.ca/products/20310707008/b1/en/front/20310707008_front_a01_@2.png", "Brand": "Snackpack", "Url": "https://www.maxi.ca/snack-pack-pudding-no-sugar-added-chocolate/p/20310707008_EA", "Sub Category": null, "English Name": "Snack Pack, Pudding, No Sugar Added Chocolate", "Size": "4x99.0 g", "Size Label": "ea"}, {"Category": "Chips & Snacks", "Aisle": "Snacks, Chips & Candy", "Sku": "21221434_EA", "Regular Price": "None", "Sale Price": "2.49", "Image": "https://assets.shop.loblaws.ca/products/21221434/b1/en/front/21221434_front_a01_@2.png", "Brand": "Leclerc", "Url": "https://www.maxi.ca/fruit-oat-bars-strawberry/p/21221434_EA", "Sub Category": null, "English Name": "Fruit & Oat Bars Strawberry", "Size": "140 g", "Size Label": "ea"}, {"Category": "Chips & Snacks", "Aisle": "Snacks, Chips & Candy", "Sku": "21359370_EA", "Regular Price": "None", "Sale Price": "2.29", "Image": "https://assets.shop.loblaws.ca/products/21359370/b1/en/front/21359370_front_a01_@2.png", "Brand": "Quaker", "Url": "https://www.maxi.ca/chewy-granola-bars-rocky-road/p/21359370_EA", "Sub Category": null, "English Name": "Chewy Granola Bars - Rocky Road", "Size": "120 g", "Size Label": "ea"}, {"Category": "Chips & Snacks", "Aisle": "Snacks, Chips & Candy", "Sku": "20965644_EA", "Regular Price": "None", "Sale Price": "4.49", "Image": "https://assets.shop.loblaws.ca/products/20965644/b1/en/front/20965644_front_a01_@2.png", "Brand": "Nature Valley", "Url": "https://www.maxi.ca/biscuits-with-peanut-butter/p/20965644_EA", "Sub Category": null, "English Name": "Biscuits with Peanut Butter", "Size": "190 g", "Size Label": "ea"}, {"Category": "Chips & Snacks", "Aisle": "Snacks, Chips & Candy", "Sku": "21213622_EA", "Regular Price": "None", "Sale Price": "4.49", "Image": "https://assets.shop.loblaws.ca/products/21213622/b1/en/front/21213622_front_a01_@2.png", "Brand": "Nature Valley", "Url": "https://www.maxi.ca/sweet-salty-salted-caramel-chocolate-chewy-granola/p/21213622_EA", "Sub Category": null, "English Name": "Sweet & Salty Salted Caramel Chocolate Chewy Granola Bars Special Edition", "Size": "210 g", "Size Label": "ea"}, {"Category": "Chips & Snacks", "Aisle": "Snacks, Chips & Candy", "Sku": "20587504001_EA", "Regular Price": "None", "Sale Price": "4.49", "Image": "https://assets.shop.loblaws.ca/products/20587504001/b1/en/front/20587504001_front_a01_@2.png", "Brand": "Fibre 1", "Url": "https://www.maxi.ca/brownies-chocolatey-fudge/p/20587504001_EA", "Sub Category": null, "English Name": "Brownies, Chocolatey Fudge", "Size": "125 g", "Size Label": "ea"}, {"Category": "Chips & Snacks", "Aisle": "Snacks, Chips & Candy", "Sku": "21291279_EA", "Regular Price": "None", "Sale Price": "3.29", "Image": "https://assets.shop.loblaws.ca/products/21291279/b1/en/front/21291279_front_a01_@2.png", "Brand": "President's Choice", "Url": "https://www.maxi.ca/butter-flavour-purple-kernel-microwave-popcorn/p/21291279_EA", "Sub Category": null, "English Name": "Butter Flavour Purple Kernel Microwave Popcorn", "Size": "247 g", "Size Label": "ea"}, {"Category": "Chips & Snacks", "Aisle": "Snacks, Chips & Candy", "Sku": "21213570_EA", "Regular Price": "None", "Sale Price": "4.49", "Image": "https://assets.shop.loblaws.ca/products/21213570/b1/en/front/21213570_front_a01_@2.png", "Brand": "Nature Valley", "Url": "https://www.maxi.ca/sweet-salty-roasted-mixed-nut-chewy-granola-bars/p/21213570_EA", "Sub Category": null, "English Name": "Sweet & Salty Roasted Mixed Nut Chewy Granola Bars", "Size": "210 g", "Size Label": "ea"}, {"Category": "Chips & Snacks", "Aisle": "Snacks, Chips & Candy", "Sku": "21404783_EA", "Regular Price": "None", "Sale Price": "3.69", "Image": "https://assets.shop.loblaws.ca/products/21404783/b1/en/front/21404783_front_a01_@2.png", "Brand": "Dole", "Url": "https://www.maxi.ca/mandarins-in-orange-gel/p/21404783_EA", "Sub Category": null, "English Name": "Mandarins In Orange Gel", "Size": "492 g", "Size Label": "ea"}, {"Category": "Chips & Snacks", "Aisle": "Snacks, Chips & Candy", "Sku": "20315520002_EA", "Regular Price": "3.99", "Sale Price": "2.99", "Image": "https://assets.shop.loblaws.ca/products/20315520002/b1/en/front/20315520002_front_a01_@2.png", "Brand": "Nature Valley", "Url": "https://www.maxi.ca/crunchy-granola-bars-oats-n-honey/p/20315520002_EA", "Sub Category": null, "English Name": "Crunchy Granola Bars, Oats 'N' Honey", "Size": "230 g", "Size Label": "ea"}, {"Category": "Chips & Snacks", "Aisle": "Snacks, Chips & Candy", "Sku": "20318455008_EA", "Regular Price": "None", "Sale Price": "3.69", "Image": "https://assets.shop.loblaws.ca/products/20318455008/b1/en/front/20318455008_front_a01_@2.png", "Brand": "Dole", "Url": "https://www.maxi.ca/fruit-bowls-mandarin-oranges-in-water/p/20318455008_EA", "Sub Category": null, "English Name": "Fruit Bowls, Mandarin Oranges in Water", "Size": "4x107.0 ml", "Size Label": "ea"}, {"Category": "Chips & Snacks", "Aisle": "Snacks, Chips & Candy", "Sku": "21014823_EA", "Regular Price": "None", "Sale Price": "10.49", "Image": "https://assets.shop.loblaws.ca/products/21014823/b1/en/front/21014823_front_a01_@2.png", "Brand": "Kelloggs", "Url": "https://www.maxi.ca/krispies-squares-bars-original-jumbo-pack-30-bars/p/21014823_EA", "Sub Category": null, "English Name": "Krispies Squares Bars, Original Jumbo Pack 30 Bars", "Size": "660 g", "Size Label": "ea"}, {"Category": "Chips & Snacks", "Aisle": "Snacks, Chips & Candy", "Sku": "21352943_EA", "Regular Price": "None", "Sale Price": "2.99", "Image": "https://assets.shop.loblaws.ca/products/21352943/b1/en/front/21352943_front_a01_@2.png", "Brand": "Kashi", "Url": "https://www.maxi.ca/soft-baked-cereal-bars-strawberry-7-grain-5-bars/p/21352943_EA", "Sub Category": null, "English Name": "Soft Baked Cereal Bars Strawberry 7 Grain 5 Bars", "Size": "175 g", "Size Label": "ea"}, {"Category": "Chips & Snacks", "Aisle": "Snacks, Chips & Candy", "Sku": "21074284_EA", "Regular Price": "None", "Sale Price": "3.99", "Image": "https://assets.shop.loblaws.ca/products/21074284/b1/en/front/21074284_front_a01_@2.png", "Brand": "Pringles", "Url": "https://www.maxi.ca/mega-can-original-flavour/p/21074284_EA", "Sub Category": null, "English Name": "Mega Can Original Flavour", "Size": "194 g", "Size Label": "ea"}, {"Category": "Chips & Snacks", "Aisle": "Snacks, Chips & Candy", "Sku": "20846886_EA", "Regular Price": "None", "Sale Price": "2.29", "Image": "https://assets.shop.loblaws.ca/products/20846886/b1/en/front/20846886_front_a01_@2.png", "Brand": "Quaker", "Url": "https://www.maxi.ca/dipps-granola-bars-caramel-nut/p/20846886_EA", "Sub Category": null, "English Name": "Dipps Granola Bars \u2013 Caramel Nut", "Size": "156 g", "Size Label": "ea"}, {"Category": "Chips & Snacks", "Aisle": "Snacks, Chips & Candy", "Sku": "21220914_EA", "Regular Price": "3.24", "Sale Price": "2.99", "Image": "https://assets.shop.loblaws.ca/products/21220914/b1/en/front/21220914_front_a01_@2.png", "Brand": "Kashi", "Url": "https://www.maxi.ca/chocolate-peanut-butter-whole-grain-bar-5-bars/p/21220914_EA", "Sub Category": null, "English Name": "Chocolate Peanut Butter Whole Grain Bar, 5 Bars", "Size": "175 g", "Size Label": "ea"}, {"Category": "Chips & Snacks", "Aisle": "Snacks, Chips & Candy", "Sku": "21508111_EA", "Regular Price": "None", "Sale Price": "2.49", "Image": "https://assets.shop.loblaws.ca/products/21508111/b1/en/front/21508111_front_a01_@2.png", "Brand": "Leclerc", "Url": "https://www.maxi.ca/go-pure-oatmeal-bars-brown-sugar-maple/p/21508111_EA", "Sub Category": null, "English Name": "Go Pure Oatmeal Bars Brown Sugar & Maple", "Size": "5x175.0 g", "Size Label": "ea"}, {"Category": "Chips & Snacks", "Aisle": "Snacks, Chips & Candy", "Sku": "21291286_EA", "Regular Price": "None", "Sale Price": "2.99", "Image": "https://assets.shop.loblaws.ca/products/21291286/b1/en/front/21291286_front_a01_@2.png", "Brand": "No Name", "Url": "https://www.maxi.ca/microwave-butter-flavour-popcorn/p/21291286_EA", "Sub Category": null, "English Name": "Microwave Butter Flavour Popcorn", "Size": "493 g", "Size Label": "ea"}, {"Category": "Chips & Snacks", "Aisle": "Snacks, Chips & Candy", "Sku": "20858323_EA", "Regular Price": "4.29", "Sale Price": "3.99", "Image": "https://assets.shop.loblaws.ca/products/20858323/b1/en/front/20858323_front_a01_@2.png", "Brand": "Humpty Dumpty", "Url": "https://www.maxi.ca/corn-snack/p/20858323_EA", "Sub Category": null, "English Name": "Corn Snack ", "Size": "290 g", "Size Label": "ea"}, {"Category": "Chips & Snacks", "Aisle": "Snacks, Chips & Candy", "Sku": "21221451_EA", "Regular Price": "None", "Sale Price": "2.49", "Image": "https://assets.shop.loblaws.ca/products/21221451/b1/en/front/21221451_front_a01_@2.png", "Brand": "Leclerc", "Url": "https://www.maxi.ca/go-pure-fruit-and-oat-bars-raspberry/p/21221451_EA", "Sub Category": null, "English Name": "Go Pure Fruit and Oat Bars, Raspberry", "Size": "140 g", "Size Label": "ea"}, {"Category": "Chips & Snacks", "Aisle": "Snacks, Chips & Candy", "Sku": "20313984004_EA", "Regular Price": "None", "Sale Price": "2.99", "Image": "https://assets.shop.loblaws.ca/products/20313984004/b1/en/front/20313984004_front_a01_@2.png", "Brand": "Kelloggs", "Url": "https://www.maxi.ca/nutri-grain-cereal-bars-blueberry-8-bars/p/20313984004_EA", "Sub Category": null, "English Name": "Nutri-Grain Cereal Bars, Blueberry 8 Bars", "Size": "295 g", "Size Label": "ea"}, {"Category": "Chips & Snacks", "Aisle": "Snacks, Chips & Candy", "Sku": "20320975003_EA", "Regular Price": "3.99", "Sale Price": "2.99", "Image": "https://assets.shop.loblaws.ca/products/20320975003/b1/en/front/20320975003_front_a01_@2.png", "Brand": "Betty Crocker", "Url": "https://www.maxi.ca/paw-patrol-special-edition-fruit-flavoured-snacks/p/20320975003_EA", "Sub Category": null, "English Name": "Paw Patrol Special Edition Fruit Flavoured Snacks", "Size": "226 g", "Size Label": "ea"}, {"Category": "Chips & Snacks", "Aisle": "Snacks, Chips & Candy", "Sku": "20318474002_EA", "Regular Price": "3.99", "Sale Price": "2.99", "Image": "https://assets.shop.loblaws.ca/products/20318474002/b1/en/front/20318474002_front_a01_@2.png", "Brand": "Betty Crocker", "Url": "https://www.maxi.ca/fruit-by-the-foot-rippin-berry-berry/p/20318474002_EA", "Sub Category": null, "English Name": "Fruit By The Foot, Rippin' Berry Berry", "Size": "128 g", "Size Label": "ea"}, {"Category": "Chips & Snacks", "Aisle": "Snacks, Chips & Candy", "Sku": "21283178_EA", "Regular Price": "3.99", "Sale Price": "2.99", "Image": "https://assets.shop.loblaws.ca/products/21283178/b1/en/front/21283178_front_a01_@2.png", "Brand": "Nature Valley", "Url": "https://www.maxi.ca/crunchy-granola-bars-pecan-crunch/p/21283178_EA", "Sub Category": null, "English Name": "Crunchy Granola Bars Pecan Crunch", "Size": "210 g", "Size Label": "ea"}, {"Category": "Chips & Snacks", "Aisle": "Snacks, Chips & Candy", "Sku": "20048210_EA", "Regular Price": "None", "Sale Price": "2.49", "Image": "https://assets.shop.loblaws.ca/products/20048210/b1/en/front/20048210_front_a01_@2.png", "Brand": "No Name", "Url": "https://www.maxi.ca/corn-chips/p/20048210_EA", "Sub Category": null, "English Name": "Corn Chips", "Size": "200 g", "Size Label": "ea"}, {"Category": "Chips & Snacks", "Aisle": "Snacks, Chips & Candy", "Sku": "20324241007_EA", "Regular Price": "2.44", "Sale Price": "2.29", "Image": "https://assets.shop.loblaws.ca/products/20324241007/b1/en/front/20324241007_front_a01_@2.png", "Brand": "Mott's", "Url": "https://www.maxi.ca/fruitsations-unsweetened-blueberry-delight/p/20324241007_EA", "Sub Category": null, "English Name": "Fruitsations Unsweetened Blueberry Delight", "Size": "6x111.0 g", "Size Label": "ea"}, {"Category": "Chips & Snacks", "Aisle": "Snacks, Chips & Candy", "Sku": "21547721_EA", "Regular Price": "9.99", "Sale Price": "8.99", "Image": "https://assets.shop.loblaws.ca/products/21547721/b1/en/front/21547721_front_a01_@2.png", "Brand": "GoGo squeez", "Url": "https://www.maxi.ca/tropicalz-fruit-sauce-made-from-100-fruit-12-pack/p/21547721_EA", "Sub Category": null, "English Name": "Tropicalz Fruit Sauce, Made from 100% Fruit, 12 Pack", "Size": "1.08 kg", "Size Label": "ea"}, {"Category": "Chips & Snacks", "Aisle": "Snacks, Chips & Candy", "Sku": "20990644_EA", "Regular Price": "None", "Sale Price": "5.49", "Image": "https://assets.shop.loblaws.ca/products/20990644/b1/en/front/20990644_front_a01_@2.png", "Brand": "Tostitos", "Url": "https://www.maxi.ca/simply-yellow-corn-tortilla-chips-240g/p/20990644_EA", "Sub Category": null, "English Name": "Simply Yellow Corn Tortilla Chips 240g", "Size": "240 g", "Size Label": "ea"}, {"Category": "Chips & Snacks", "Aisle": "Snacks, Chips & Candy", "Sku": "20318138001_EA", "Regular Price": "None", "Sale Price": "2.49", "Image": "https://assets.shop.loblaws.ca/products/20318138001/b1/en/front/20318138001_front_a01_@2.png", "Brand": "No Name", "Url": "https://www.maxi.ca/mixed-fruit-in-cherry-gel/p/20318138001_EA", "Sub Category": null, "English Name": "Mixed Fruit in Cherry Gel", "Size": "4x123.0 g", "Size Label": "ea"}, {"Category": "Chips & Snacks", "Aisle": "Snacks, Chips & Candy", "Sku": "21387574_EA", "Regular Price": "None", "Sale Price": "2.79", "Image": "https://assets.shop.loblaws.ca/products/21387574/b1/en/front/21387574_front_a01_@2.png", "Brand": "President's Choice", "Url": "https://www.maxi.ca/world-of-flavours-taco-flavour-rippled-potato-chip/p/21387574_EA", "Sub Category": null, "English Name": "World of Flavours Taco Flavour Rippled Potato Chips", "Size": "200 g", "Size Label": "ea"}, {"Category": "Chips & Snacks", "Aisle": "Snacks, Chips & Candy", "Sku": "21370272_EA", "Regular Price": "5.49", "Sale Price": "4.99", "Image": "https://assets.shop.loblaws.ca/products/21370272/b1/en/front/21370272_front_a01_@2.png", "Brand": "Tostitos", "Url": "https://www.maxi.ca/restaurant-style-tortilla-chips-455g/p/21370272_EA", "Sub Category": null, "English Name": "Restaurant Style tortilla chips 455g", "Size": "455 g", "Size Label": "ea"}, {"Category": "Chips & Snacks", "Aisle": "Snacks, Chips & Candy", "Sku": "20604421_EA", "Regular Price": "None", "Sale Price": "6.49", "Image": "https://assets.shop.loblaws.ca/products/20604421/b1/en/front/20604421_front_a01_@2.png", "Brand": "Planters", "Url": "https://www.maxi.ca/dry-roasted-peanuts-delicately-seasoned/p/20604421_EA", "Sub Category": null, "English Name": "Dry Roasted Peanuts Delicately Seasoned", "Size": "300 g", "Size Label": "ea"}, {"Category": "Chips & Snacks", "Aisle": "Snacks, Chips & Candy", "Sku": "20617713_EA", "Regular Price": "None", "Sale Price": "3.99", "Image": "https://assets.shop.loblaws.ca/products/20617713/b1/en/front/20617713_front_a01_@2.png", "Brand": "Sunmaid", "Url": "https://www.maxi.ca/raisins-mini-packs/p/20617713_EA", "Sub Category": null, "English Name": "Raisins, Mini Packs", "Size": "196 g", "Size Label": "ea"}, {"Category": "Chips & Snacks", "Aisle": "Snacks, Chips & Candy", "Sku": "21524236_EA", "Regular Price": "None", "Sale Price": "4.49", "Image": "https://assets.shop.loblaws.ca/products/21524236/b1/en/front/21524236_front_a01_@2.png", "Brand": "Humble", "Url": "https://www.maxi.ca/creamy-dill-organic/p/21524236_EA", "Sub Category": null, "English Name": "Creamy Dill Organic", "Size": "135 g", "Size Label": "ea"}, {"Category": "Chips & Snacks", "Aisle": "Snacks, Chips & Candy", "Sku": "21381516_EA", "Regular Price": "2.59", "Sale Price": "2.29", "Image": "https://assets.shop.loblaws.ca/products/21381516/b1/en/front/21381516_front_a01_@2.png", "Brand": "President's Choice", "Url": "https://www.maxi.ca/apple-banana-squeeze-fruit-snacks/p/21381516_EA", "Sub Category": null, "English Name": "Apple Banana Squeeze Fruit Snacks", "Size": "90 g", "Size Label": "ea"}, {"Category": "Chips & Snacks", "Aisle": "Snacks, Chips & Candy", "Sku": "21503880_EA", "Regular Price": "None", "Sale Price": "3.99", "Image": "https://assets.shop.loblaws.ca/products/21503880/b1/en/front/21503880_front_a01_@2.png", "Brand": "Ruffles", "Url": "https://www.maxi.ca/kfc-original-chicken-potato-chips/p/21503880_EA", "Sub Category": null, "English Name": "KFC Original Chicken Potato Chips", "Size": "180 g", "Size Label": "ea"}, {"Category": "Chips & Snacks", "Aisle": "Snacks, Chips & Candy", "Sku": "21217888_EA", "Regular Price": "None", "Sale Price": "2.99", "Image": "https://assets.shop.loblaws.ca/products/21217888/b1/en/front/21217888_front_a01_@2.png", "Brand": "Tim Hortons", "Url": "https://www.maxi.ca/granola-bar-apple-fritter/p/21217888_EA", "Sub Category": null, "English Name": "Granola Bar, Apple Fritter", "Size": "5 ea", "Size Label": "ea"}, {"Category": "Chips & Snacks", "Aisle": "Snacks, Chips & Candy", "Sku": "20322697001_EA", "Regular Price": "None", "Sale Price": "3.99", "Image": "https://assets.shop.loblaws.ca/products/20322697001/b1/en/front/20322697001_front_a01_@2.png", "Brand": "GoGo squeez", "Url": "https://www.maxi.ca/squeeze-apple-strawberry/p/20322697001_EA", "Sub Category": null, "English Name": "Squeeze, Apple Strawberry", "Size": "4x90.0 g", "Size Label": "ea"}, {"Category": "Chips & Snacks", "Aisle": "Snacks, Chips & Candy", "Sku": "21515953_EA", "Regular Price": "None", "Sale Price": "12.49", "Image": "https://assets.shop.loblaws.ca/products/21515953/b1/en/front/21515953_front_a01_@2.png", "Brand": "Quaker", "Url": "https://www.maxi.ca/chewy-fruity-fun-value-pack/p/21515953_EA", "Sub Category": null, "English Name": "Chewy Fruity Fun Value Pack", "Size": "960 g", "Size Label": "ea"}, {"Category": "Chips & Snacks", "Aisle": "Snacks, Chips & Candy", "Sku": "20315520012_EA", "Regular Price": "3.99", "Sale Price": "2.99", "Image": "https://assets.shop.loblaws.ca/products/20315520012/b1/en/front/20315520012_front_a01_@2.png", "Brand": "Nature Valley", "Url": "https://www.maxi.ca/chewy-trail-mix-granola-bars-mixed-berry/p/20315520012_EA", "Sub Category": null, "English Name": "Chewy Trail Mix Granola Bars, Mixed Berry", "Size": "175 g", "Size Label": "ea"}, {"Category": "Chips & Snacks", "Aisle": "Snacks, Chips & Candy", "Sku": "20297693002_EA", "Regular Price": "None", "Sale Price": "1.49", "Image": "https://assets.shop.loblaws.ca/products/20297693002/b1/en/front/20297693002_front_a01_@2.png", "Brand": "No Name", "Url": "https://www.maxi.ca/chocolate-fudge-pudding-cups-4-pack/p/20297693002_EA", "Sub Category": null, "English Name": "Chocolate Fudge Pudding Cups 4 Pack ", "Size": "4x99.0 g", "Size Label": "ea"}, {"Category": "Chips & Snacks", "Aisle": "Snacks, Chips & Candy", "Sku": "21539157_EA", "Regular Price": "None", "Sale Price": "12.99", "Image": "https://assets.shop.loblaws.ca/products/21539157/b1/en/front/21539157_front_a01_@2.png", "Brand": "President's Choice", "Url": "https://www.maxi.ca/rich-and-chewy-chocolate-chip-granola-bars-club-si/p/21539157_EA", "Sub Category": null, "English Name": "Rich and Chewy Chocolate Chip Granola Bars Club Size", "Size": "1344 g", "Size Label": "ea"}, {"Category": "Chips & Snacks", "Aisle": "Snacks, Chips & Candy", "Sku": "20946982_EA", "Regular Price": "None", "Sale Price": "2.50", "Image": "https://assets.shop.loblaws.ca/products/20946982/b1/en/front/20946982_front_a01_@2.png", "Brand": "Spitz", "Url": "https://www.maxi.ca/sunflower-seeds-smoky-bbq/p/20946982_EA", "Sub Category": null, "English Name": "Sunflower Seeds, Smoky BBQ", "Size": "210 g", "Size Label": "ea"}, {"Category": "Chips & Snacks", "Aisle": "Snacks, Chips & Candy", "Sku": "20323829002_EA", "Regular Price": "None", "Sale Price": "3.99", "Image": "https://assets.shop.loblaws.ca/products/20323829002/b1/en/front/20323829002_front_a01_@2.png", "Brand": "Kozy Shack", "Url": "https://www.maxi.ca/tapioca-pudding-tubs/p/20323829002_EA", "Sub Category": null, "English Name": "Tapioca Pudding Tubs", "Size": "624 g", "Size Label": "ea"}, {"Category": "Chips & Snacks", "Aisle": "Snacks, Chips & Candy", "Sku": "20630859_EA", "Regular Price": "None", "Sale Price": "4.99", "Image": "https://assets.shop.loblaws.ca/products/20630859/b1/en/front/20630859_front_a01_@2.png", "Brand": "Orville", "Url": "https://www.maxi.ca/popcorn-bowl-smart-pop/p/20630859_EA", "Sub Category": null, "English Name": "Popcorn Bowl, Smart Pop!", "Size": "6x70.0 g", "Size Label": "ea"}, {"Category": "Chips & Snacks", "Aisle": "Snacks, Chips & Candy", "Sku": "21369086_EA", "Regular Price": "None", "Sale Price": "4.29", "Image": "https://assets.shop.loblaws.ca/products/21369086/b1/en/front/21369086_front_a01_@2.png", "Brand": "Doritos", "Url": "https://www.maxi.ca/bold-bbq-flavoured-tortilla-chips/p/21369086_EA", "Sub Category": null, "English Name": "Bold BBQ Flavoured Tortilla Chips", "Size": "235 g", "Size Label": "ea"}, {"Category": "Chips & Snacks", "Aisle": "Snacks, Chips & Candy", "Sku": "21031315_EA", "Regular Price": "4.99", "Sale Price": "3.79", "Image": "https://assets.shop.loblaws.ca/products/21031315/b1/en/front/21031315_front_a01_@2.png", "Brand": "Que Pasa", "Url": "https://www.maxi.ca/tortilla-chips-blue-corn/p/21031315_EA", "Sub Category": null, "English Name": "Tortilla Chips Blue Corn", "Size": "350 g", "Size Label": "ea"}, {"Category": "Chips & Snacks", "Aisle": "Snacks, Chips & Candy", "Sku": "21003826_EA", "Regular Price": "None", "Sale Price": "2.79", "Image": "https://assets.shop.loblaws.ca/products/21003826/b1/en/front/21003826_front_a01_@2.png", "Brand": "Pringles", "Url": "https://www.maxi.ca/buffalo-ranch-potato-chips/p/21003826_EA", "Sub Category": null, "English Name": "Buffalo Ranch Potato Chips", "Size": "156 g", "Size Label": "ea"}, {"Category": "Chips & Snacks", "Aisle": "Snacks, Chips & Candy", "Sku": "20057990001_EA", "Regular Price": "None", "Sale Price": "5.99", "Image": "https://assets.shop.loblaws.ca/products/20057990001/b1/en/front/20057990001_front_a01_@2.png", "Brand": "President's Choice", "Url": "https://www.maxi.ca/peanuts-dry-roasted-lightly-seasoned/p/20057990001_EA", "Sub Category": null, "English Name": "Peanuts Dry Roasted & Lightly Seasoned", "Size": "700 g", "Size Label": "ea"}, {"Category": "Chips & Snacks", "Aisle": "Snacks, Chips & Candy", "Sku": "21213559_EA", "Regular Price": "None", "Sale Price": "4.49", "Image": "https://assets.shop.loblaws.ca/products/21213559/b1/en/front/21213559_front_a01_@2.png", "Brand": "Nature Valley", "Url": "https://www.maxi.ca/sweet-salty-dark-chocolate-nut-chewy-granola-bars/p/21213559_EA", "Sub Category": null, "English Name": "Sweet & Salty Dark Chocolate Nut Chewy Granola Bars", "Size": "210 g", "Size Label": "ea"}, {"Category": "Chips & Snacks", "Aisle": "Snacks, Chips & Candy", "Sku": "20944053_EA", "Regular Price": "None", "Sale Price": "3.49", "Image": "https://assets.shop.loblaws.ca/products/20944053/b1/en/front/20944053_front_a01_@2.png", "Brand": "President's Choice", "Url": "https://www.maxi.ca/mixed-berry-cereal-bars/p/20944053_EA", "Sub Category": null, "English Name": "Mixed Berry Cereal Bars", "Size": "300 g", "Size Label": "ea"}, {"Category": "Chips & Snacks", "Aisle": "Snacks, Chips & Candy", "Sku": "20300396_EA", "Regular Price": "None", "Sale Price": "5.29", "Image": "https://assets.shop.loblaws.ca/products/20300396/b1/en/front/20300396_front_a01_@2.png", "Brand": "PC Blue Menu", "Url": "https://www.maxi.ca/butter-flavour-microwave-popcorn/p/20300396_EA", "Sub Category": null, "English Name": "Butter Flavour Microwave Popcorn", "Size": "6x80.0 g", "Size Label": "ea"}, {"Category": "Chips & Snacks", "Aisle": "Snacks, Chips & Candy", "Sku": "21213585_EA", "Regular Price": "None", "Sale Price": "4.49", "Image": "https://assets.shop.loblaws.ca/products/21213585/b1/en/front/21213585_front_a01_@2.png", "Brand": "Nature Valley", "Url": "https://www.maxi.ca/sweet-salty-peanut-chewy-granola-bars/p/21213585_EA", "Sub Category": null, "English Name": "Sweet & Salty Peanut Chewy Granola Bars", "Size": "210 g", "Size Label": "ea"}, {"Category": "Chips & Snacks", "Aisle": "Snacks, Chips & Candy", "Sku": "21381517_EA", "Regular Price": "2.59", "Sale Price": "2.29", "Image": "https://assets.shop.loblaws.ca/products/21381517/b1/en/front/21381517_front_a01_@2.png", "Brand": "President's Choice", "Url": "https://www.maxi.ca/apple-peach-squeeze-fruit-snacks/p/21381517_EA", "Sub Category": null, "English Name": "Apple Peach Squeeze Fruit Snacks", "Size": "90 g", "Size Label": "ea"}, {"Category": "Chips & Snacks", "Aisle": "Snacks, Chips & Candy", "Sku": "20057990003_EA", "Regular Price": "None", "Sale Price": "5.99", "Image": "https://assets.shop.loblaws.ca/products/20057990003/b1/en/front/20057990003_front_a01_@2.png", "Brand": "President's Choice", "Url": "https://www.maxi.ca/honey-roasted-peanuts/p/20057990003_EA", "Sub Category": null, "English Name": "Honey Roasted Peanuts", "Size": "700 g", "Size Label": "ea"}, {"Category": "Chips & Snacks", "Aisle": "Snacks, Chips & Candy", "Sku": "20913520_EA", "Regular Price": "None", "Sale Price": "2.79", "Image": "https://assets.shop.loblaws.ca/products/20913520/b1/en/front/20913520_front_a01_@2.png", "Brand": "President's Choice", "Url": "https://www.maxi.ca/dipped-chewy-chocolate-chip-marshmallow-granola-ba/p/20913520_EA", "Sub Category": null, "English Name": "Dipped & Chewy Chocolate Chip & Marshmallow Granola Bars", "Size": "156 g", "Size Label": "ea"}, {"Category": "Chips & Snacks", "Aisle": "Snacks, Chips & Candy", "Sku": "20057990001_EA", "Regular Price": "None", "Sale Price": "5.99", "Image": "https://assets.shop.loblaws.ca/products/20057990001/b1/en/front/20057990001_front_a01_@2.png", "Brand": "President's Choice", "Url": "https://www.maxi.ca/peanuts-dry-roasted-lightly-seasoned/p/20057990001_EA", "Sub Category": null, "English Name": "Peanuts Dry Roasted & Lightly Seasoned", "Size": "700 g", "Size Label": "ea"}, {"Category": "Chips & Snacks", "Aisle": "Snacks, Chips & Candy", "Sku": "21539047_EA", "Regular Price": "None", "Sale Price": "6.99", "Image": "https://assets.shop.loblaws.ca/products/21539047/b1/en/front/21539047_front_a01_@2.png", "Brand": "President's Choice", "Url": "https://www.maxi.ca/rich-and-chewy-chocolate-chip-granola-bars/p/21539047_EA", "Sub Category": null, "English Name": "Rich and Chewy Chocolate Chip Granola Bars", "Size": "576 g", "Size Label": "ea"}, {"Category": "Chips & Snacks", "Aisle": "Snacks, Chips & Candy", "Sku": "20310707001_EA", "Regular Price": "None", "Sale Price": "2.29", "Image": "https://assets.shop.loblaws.ca/products/20310707001/b1/en/front/20310707001_front_a01_@2.png", "Brand": "Snackpack", "Url": "https://www.maxi.ca/snack-pack-pudding-chocolate/p/20310707001_EA", "Sub Category": null, "English Name": "Snack Pack, Pudding, Chocolate", "Size": "4x99.0 g", "Size Label": "ea"}, {"Category": "Chips & Snacks", "Aisle": "Snacks, Chips & Candy", "Sku": "20887511_EA", "Regular Price": "3.99", "Sale Price": "2.99", "Image": "https://assets.shop.loblaws.ca/products/20887511/b1/en/front/20887511_front_a01_@2.png", "Brand": "General Mills", "Url": "https://www.maxi.ca/lucky-charms-cereal-bar-treats/p/20887511_EA", "Sub Category": null, "English Name": "Lucky Charms Cereal Bar Treats", "Size": "120 g", "Size Label": "ea"}, {"Category": "Chips & Snacks", "Aisle": "Snacks, Chips & Candy", "Sku": "20840911001_EA", "Regular Price": "None", "Sale Price": "2.79", "Image": "https://assets.shop.loblaws.ca/products/20840911001/b1/en/front/20840911001_front_a01_@2.png", "Brand": "President's Choice", "Url": "https://www.maxi.ca/loads-of-ketchup-rippled-potato-chips/p/20840911001_EA", "Sub Category": null, "English Name": "Loads Of Ketchup Rippled Potato Chips", "Size": "200 g", "Size Label": "ea"}, {"Category": "Chips & Snacks", "Aisle": "Snacks, Chips & Candy", "Sku": "21422908_EA", "Regular Price": "None", "Sale Price": "2.79", "Image": "https://assets.shop.loblaws.ca/products/21422908/b1/en/front/21422908_front_a01_@2.png", "Brand": "Pringles", "Url": "https://www.maxi.ca/cheddar-sour-cream-flavour-potato-chips/p/21422908_EA", "Sub Category": null, "English Name": "Cheddar & Sour Cream Flavour Potato Chips", "Size": "156 g", "Size Label": "ea"}, {"Category": "Chips & Snacks", "Aisle": "Snacks, Chips & Candy", "Sku": "20318455007_EA", "Regular Price": "3.69", "Sale Price": "3.49", "Image": "https://assets.shop.loblaws.ca/products/20318455007/b1/en/front/20318455007_front_a01_@2.png", "Brand": "Dole", "Url": "https://www.maxi.ca/fruit-bowls-mandarins/p/20318455007_EA", "Sub Category": null, "English Name": "Fruit Bowls Mandarins", "Size": "4x107.0 ml", "Size Label": "ea"}, {"Category": "Chips & Snacks", "Aisle": "Snacks, Chips & Candy", "Sku": "21359369_EA", "Regular Price": "None", "Sale Price": "2.29", "Image": "https://assets.shop.loblaws.ca/products/21359369/b1/en/front/21359369_front_a01_@2.png", "Brand": "Quaker", "Url": "https://www.maxi.ca/chewy-granola-bars-s-mores/p/21359369_EA", "Sub Category": null, "English Name": "Chewy Granola Bars - S'mores", "Size": "120 g", "Size Label": "ea"}, {"Category": "Chips & Snacks", "Aisle": "Snacks, Chips & Candy", "Sku": "20962493_EA", "Regular Price": "None", "Sale Price": "2.49", "Image": "https://assets.shop.loblaws.ca/products/20962493/b1/en/front/20962493_front_a01_@2.png", "Brand": "No Name", "Url": "https://www.maxi.ca/cheese-flavoured-crunchy-snacks/p/20962493_EA", "Sub Category": null, "English Name": "Cheese Flavoured Crunchy Snacks", "Size": "200 g", "Size Label": "ea"}, {"Category": "Chips & Snacks", "Aisle": "Snacks, Chips & Candy", "Sku": "20318062002_EA", "Regular Price": "None", "Sale Price": "3.00", "Image": "https://assets.shop.loblaws.ca/products/20318062002/b1/en/front/20318062002_front_a01_@2.png", "Brand": "No Name", "Url": "https://www.maxi.ca/barbecue-blanched-peanuts/p/20318062002_EA", "Sub Category": null, "English Name": "Barbecue Blanched Peanuts", "Size": "500 g", "Size Label": "ea"}, {"Category": "Chips & Snacks", "Aisle": "Snacks, Chips & Candy", "Sku": "21241038_EA", "Regular Price": "None", "Sale Price": "3.99", "Image": "https://assets.shop.loblaws.ca/products/21241038/b1/en/front/21241038_front_a01_@2.png", "Brand": "Lay's", "Url": "https://www.maxi.ca/old-fashioned-bar-b-q-flavoured-potato-chips/p/21241038_EA", "Sub Category": null, "English Name": "Old Fashioned Bar-B-Q flavoured potato chips", "Size": "235 g", "Size Label": "ea"}, {"Category": "Chips & Snacks", "Aisle": "Snacks, Chips & Candy", "Sku": "20315215_EA", "Regular Price": "None", "Sale Price": "2.49", "Image": "https://assets.shop.loblaws.ca/products/20315215/b1/en/front/20315215_front_a01_@2.png", "Brand": "No Name", "Url": "https://www.maxi.ca/pretzel-sticks/p/20315215_EA", "Sub Category": null, "English Name": "Pretzel sticks", "Size": "200 g", "Size Label": "ea"}, {"Category": "Chips & Snacks", "Aisle": "Snacks, Chips & Candy", "Sku": "20301095002_EA", "Regular Price": "2.79", "Sale Price": "2.29", "Image": "https://assets.shop.loblaws.ca/products/20301095002/b1/en/front/20301095002_front_a01_@2.png", "Brand": "President's Choice", "Url": "https://www.maxi.ca/unsweetened-apple-blueberry-apple-sauce/p/20301095002_EA", "Sub Category": null, "English Name": "Unsweetened Apple Blueberry Apple Sauce", "Size": "6x100.0 ml", "Size Label": "ea"}, {"Category": "Chips & Snacks", "Aisle": "Snacks, Chips & Candy", "Sku": "21536595_EA", "Regular Price": "None", "Sale Price": "2.49", "Image": "https://assets.shop.loblaws.ca/products/21536595/b1/en/front/21536595_front_a01_@2.png", "Brand": "Leclerc", "Url": "https://www.maxi.ca/n-gabar-coated-nougat-bars-strawberry-sundae-flavo/p/21536595_EA", "Sub Category": null, "English Name": "N\u00fcgabar Coated Nougat Bars Strawberry Sundae Flavour", "Size": "175 g", "Size Label": "ea"}, {"Category": "Chips & Snacks", "Aisle": "Snacks, Chips & Candy", "Sku": "21184633_EA", "Regular Price": "3.99", "Sale Price": "2.99", "Image": "https://assets.shop.loblaws.ca/products/21184633/b1/en/front/21184633_front_a01_@2.png", "Brand": "Reese's", "Url": "https://www.maxi.ca/puffs-peanut-butter-cocoa-flavour-cereal-bars/p/21184633_EA", "Sub Category": null, "English Name": "Puffs Peanut Butter & Cocoa Flavour Cereal Bars", "Size": "120 g", "Size Label": "ea"}, {"Category": "Chips & Snacks", "Aisle": "Snacks, Chips & Candy", "Sku": "20772008_EA", "Regular Price": "None", "Sale Price": "5.79", "Image": "https://assets.shop.loblaws.ca/products/20772008/b1/en/front/20772008_front_a01_@2.png", "Brand": "Terra", "Url": "https://www.maxi.ca/krinkle-cut-sweet-potato-chips-sea-salt/p/20772008_EA", "Sub Category": null, "English Name": "Krinkle Cut Sweet Potato Chips, Sea Salt", "Size": "165 g", "Size Label": "ea"}, {"Category": "Chips & Snacks", "Aisle": "Snacks, Chips & Candy", "Sku": "20912713_EA", "Regular Price": "None", "Sale Price": "2.79", "Image": "https://assets.shop.loblaws.ca/products/20912713/b1/en/front/20912713_front_a01_@2.png", "Brand": "President's Choice", "Url": "https://www.maxi.ca/dipped-chewy-s-mores-granola-bars/p/20912713_EA", "Sub Category": null, "English Name": "Dipped & Chewy S'mores Granola Bars ", "Size": "156 g", "Size Label": "ea"}, {"Category": "Chips & Snacks", "Aisle": "Snacks, Chips & Candy", "Sku": "21367385_EA", "Regular Price": "None", "Sale Price": "9.99", "Image": "https://assets.shop.loblaws.ca/products/21367385/b1/en/front/21367385_front_a01_@2.png", "Brand": "Frito-lay", "Url": "https://www.maxi.ca/flavour-mix-484g/p/21367385_EA", "Sub Category": null, "English Name": "Flavour Mix 484g", "Size": "484 g", "Size Label": "ea"}, {"Category": "Chips & Snacks", "Aisle": "Snacks, Chips & Candy", "Sku": "21021616_EA", "Regular Price": "None", "Sale Price": "6.49", "Image": "https://assets.shop.loblaws.ca/products/21021616/b1/en/front/21021616_front_a01_@2.png", "Brand": "Planters", "Url": "https://www.maxi.ca/almonds-roasted-salted/p/21021616_EA", "Sub Category": null, "English Name": "Almonds, Roasted & Salted", "Size": "200 g", "Size Label": "ea"}, {"Category": "Chips & Snacks", "Aisle": "Snacks, Chips & Candy", "Sku": "21370405_EA", "Regular Price": "None", "Sale Price": "4.79", "Image": "https://assets.shop.loblaws.ca/products/21370405/b1/en/front/21370405_front_a01_@2.png", "Brand": "Munchies", "Url": "https://www.maxi.ca/original-snack-mix-415g/p/21370405_EA", "Sub Category": null, "English Name": "Original Snack Mix 415g", "Size": "415 g", "Size Label": "ea"}, {"Category": "Chips & Snacks", "Aisle": "Snacks, Chips & Candy", "Sku": "20857803002_EA", "Regular Price": "None", "Sale Price": "3.99", "Image": "https://assets.shop.loblaws.ca/products/20857803002/b1/en/front/20857803002_front_a01_@2.png", "Brand": "Humpty Dumpty", "Url": "https://www.maxi.ca/potato-snack-bbq-flavoured/p/20857803002_EA", "Sub Category": null, "English Name": "Potato Snack Bbq Flavoured", "Size": "280 g", "Size Label": "ea"}, {"Category": "Chips & Snacks", "Aisle": "Snacks, Chips & Candy", "Sku": "20969969_EA", "Regular Price": "None", "Sale Price": "4.79", "Image": "https://assets.shop.loblaws.ca/products/20969969/b1/en/front/20969969_front_a01_@2.png", "Brand": "Yum Yum", "Url": "https://www.maxi.ca/chips-regular/p/20969969_EA", "Sub Category": null, "English Name": "Chips, Regular", "Size": "454 g", "Size Label": "ea"}, {"Category": "Chips & Snacks", "Aisle": "Snacks, Chips & Candy", "Sku": "21533054_EA", "Regular Price": "None", "Sale Price": "5.49", "Image": "https://assets.shop.loblaws.ca/products/21533054/b1/en/front/21533054_front_a01_@2.png", "Brand": "Neal Brothers Foods", "Url": "https://www.maxi.ca/tortillas-deep-blue-flax-organic/p/21533054_EA", "Sub Category": null, "English Name": "Tortillas Deep Blue + Flax Organic", "Size": "300 g", "Size Label": "ea"}, {"Category": "Chips & Snacks", "Aisle": "Snacks, Chips & Candy", "Sku": "20323489005_EA", "Regular Price": "None", "Sale Price": "3.69", "Image": "https://assets.shop.loblaws.ca/products/20323489005/b1/en/front/20323489005_front_a01_@2.png", "Brand": "Dole", "Url": "https://www.maxi.ca/parfait-peaches-in-strawberry-gel/p/20323489005_EA", "Sub Category": null, "English Name": "Parfait Peaches in Strawberry Gel", "Size": "4x123.0 g", "Size Label": "ea"}, {"Category": "Chips & Snacks", "Aisle": "Snacks, Chips & Candy", "Sku": "20140411001_EA", "Regular Price": "None", "Sale Price": "5.79", "Image": "https://assets.shop.loblaws.ca/products/20140411001/b1/en/front/20140411001_front_a01_@2.png", "Brand": "Terra", "Url": "https://www.maxi.ca/exotic-vegetables-chips/p/20140411001_EA", "Sub Category": null, "English Name": "Exotic Vegetables Chips", "Size": "170 g", "Size Label": "ea"}, {"Category": "Chips & Snacks", "Aisle": "Snacks, Chips & Candy", "Sku": "20034209_EA", "Regular Price": "None", "Sale Price": "15.49", "Image": "https://assets.shop.loblaws.ca/products/20034209/b1/en/front/20034209_front_a01_@2.png", "Brand": "Orville", "Url": "https://www.maxi.ca/microwave-popcorn-buttery/p/20034209_EA", "Sub Category": null, "English Name": "Microwave Popcorn, Buttery", "Size": "24x99.0 g", "Size Label": "ea"}, {"Category": "Chips & Snacks", "Aisle": "Snacks, Chips & Candy", "Sku": "20248814_EA", "Regular Price": "None", "Sale Price": "13.99", "Image": "https://assets.shop.loblaws.ca/products/20248814/b1/en/front/20248814_front_a01_@2.png", "Brand": "President's Choice", "Url": "https://www.maxi.ca/raisins-almonds-cashews-cranberries-trail-mix/p/20248814_EA", "Sub Category": null, "English Name": "Raisins Almonds Cashews Cranberries Trail Mix", "Size": "700 g", "Size Label": "ea"}, {"Category": "Chips & Snacks", "Aisle": "Snacks, Chips & Candy", "Sku": "21191816_EA", "Regular Price": "None", "Sale Price": "4.00", "Image": "https://assets.shop.loblaws.ca/products/21191816/b1/en/front/21191816_front_a01_@2.png", "Brand": "No Name", "Url": "https://www.maxi.ca/seasoned-dry-roasted-peanuts/p/21191816_EA", "Sub Category": null, "English Name": "Seasoned Dry Roasted Peanuts", "Size": "650 g", "Size Label": "ea"}, {"Category": "Chips & Snacks", "Aisle": "Snacks, Chips & Candy", "Sku": "21157616_EA", "Regular Price": "None", "Sale Price": "4.79", "Image": "https://assets.shop.loblaws.ca/products/21157616/b1/en/front/21157616_front_a01_@2.png", "Brand": "Hardbite", "Url": "https://www.maxi.ca/handcrafted-style-chips-black-sea-salt/p/21157616_EA", "Sub Category": null, "English Name": "Handcrafted-Style Chips, Black Sea Salt", "Size": "128 g", "Size Label": "ea"}, {"Category": "Chips & Snacks", "Aisle": "Snacks, Chips & Candy", "Sku": "20057659001_EA", "Regular Price": "None", "Sale Price": "3.99", "Image": "https://assets.shop.loblaws.ca/products/20057659001/b1/en/front/20057659001_front_a01_@2.png", "Brand": "Quaker", "Url": "https://www.maxi.ca/harvest-granola-bars-yogurt-strawberry/p/20057659001_EA", "Sub Category": null, "English Name": "Harvest Granola Bars, Yogurt  Strawberry", "Size": "175 g", "Size Label": "ea"}, {"Category": "Chips & Snacks", "Aisle": "Snacks, Chips & Candy", "Sku": "21213550_EA", "Regular Price": "3.99", "Sale Price": "2.99", "Image": "https://assets.shop.loblaws.ca/products/21213550/b1/en/front/21213550_front_a01_@2.png", "Brand": "Betty Crocker", "Url": "https://www.maxi.ca/fruit-gushers-super-sour-gushers/p/21213550_EA", "Sub Category": null, "English Name": "Fruit Gushers Super Sour Gushers", "Size": "138 g", "Size Label": "ea"}, {"Category": "Chips & Snacks", "Aisle": "Snacks, Chips & Candy", "Sku": "20302075_EA", "Regular Price": "None", "Sale Price": "6.99", "Image": "https://assets.shop.loblaws.ca/products/20302075/b1/en/front/20302075_front_a01_@2.png", "Brand": "President's Choice", "Url": "https://www.maxi.ca/dipped-and-chewy-chocolate-chip-granola-bars/p/20302075_EA", "Sub Category": null, "English Name": "Dipped and Chewy Chocolate Chip Granola Bars", "Size": "558 g", "Size Label": "ea"}, {"Category": "Chips & Snacks", "Aisle": "Snacks, Chips & Candy", "Sku": "21361879_EA", "Regular Price": "None", "Sale Price": "14.49", "Image": "https://assets.shop.loblaws.ca/products/21361879/b1/en/front/21361879_front_a01_@2.png", "Brand": "Leclerc", "Url": "https://www.maxi.ca/go-pure-raspberry-fruit-and-oat-bars-club-pack/p/21361879_EA", "Sub Category": null, "English Name": "Go Pure Raspberry Fruit and Oat Bars, Club Pack", "Size": "672 g", "Size Label": "ea"}, {"Category": "Chips & Snacks", "Aisle": "Snacks, Chips & Candy", "Sku": "21155212_EA", "Regular Price": "None", "Sale Price": "1.69", "Image": "https://assets.shop.loblaws.ca/products/21155212/b1/en/front/21155212_front_a01_@2.png", "Brand": "SS Frutas", "Url": "https://www.maxi.ca/yuca-crisps-salted/p/21155212_EA", "Sub Category": null, "English Name": "Yuca Crisps Salted", "Size": "85 g", "Size Label": "ea"}, {"Category": "Chips & Snacks", "Aisle": "Snacks, Chips & Candy", "Sku": "20843777002_EA", "Regular Price": "None", "Sale Price": "3.99", "Image": "https://assets.shop.loblaws.ca/products/20843777002/b1/en/front/20843777002_front_a01_@2.png", "Brand": "GoGo squeez", "Url": "https://www.maxi.ca/squeeze-apple-mango/p/20843777002_EA", "Sub Category": null, "English Name": "Squeeze, Apple Mango", "Size": "90 g", "Size Label": "ea"}, {"Category": "Chips & Snacks", "Aisle": "Snacks, Chips & Candy", "Sku": "20686988001_EA", "Regular Price": "None", "Sale Price": "4.49", "Image": "https://assets.shop.loblaws.ca/products/20686988001/b1/en/front/20686988001_front_a01_@2.png", "Brand": "Nature Valley", "Url": "https://www.maxi.ca/protein-peanut-almond-dark-chocolate-flavour/p/20686988001_EA", "Sub Category": null, "English Name": "Protein - Peanut Almond & Dark Chocolate Flavour", "Size": "148 g", "Size Label": "ea"}, {"Category": "Chips & Snacks", "Aisle": "Snacks, Chips & Candy", "Sku": "20938543_EA", "Regular Price": "None", "Sale Price": "4.49", "Image": "https://assets.shop.loblaws.ca/products/20938543/b1/en/front/20938543_front_a01_@2.png", "Brand": "Fibre 1", "Url": "https://www.maxi.ca/cinnamon-roll-soft-baked-snack/p/20938543_EA", "Sub Category": null, "English Name": "Cinnamon Roll, Soft Baked Snack", "Size": "125 g", "Size Label": "ea"}, {"Category": "Chips & Snacks", "Aisle": "Snacks, Chips & Candy", "Sku": "21457084_EA", "Regular Price": "None", "Sale Price": "11.49", "Image": "https://assets.shop.loblaws.ca/products/21457084/b1/en/front/21457084_front_a01_@2.png", "Brand": "Lay's", "Url": "https://www.maxi.ca/classic-potato-chips-halloween-pack-40-ct/p/21457084_EA", "Sub Category": null, "English Name": "Classic Potato Chips Halloween Pack 40 CT", "Size": "640 g", "Size Label": "ea"}, {"Category": "Chips & Snacks", "Aisle": "Snacks, Chips & Candy", "Sku": "21457063_EA", "Regular Price": "None", "Sale Price": "11.49", "Image": "https://assets.shop.loblaws.ca/products/21457063/b1/en/front/21457063_front_a01_@2.png", "Brand": "Smart Food", "Url": "https://www.maxi.ca/white-cheddar-seasoned-popcorn-halloween-pack-40-c/p/21457063_EA", "Sub Category": null, "English Name": "White Cheddar Seasoned Popcorn Halloween Pack 40 CT", "Size": "480 g", "Size Label": "ea"}, {"Category": "Chips & Snacks", "Aisle": "Snacks, Chips & Candy", "Sku": "21530595_EA", "Regular Price": "None", "Sale Price": "11.99", "Image": "https://assets.shop.loblaws.ca/products/21530595/b1/en/front/21530595_front_a01_@2.png", "Brand": "General Mills", "Url": "https://www.maxi.ca/halloween-fruit-treats/p/21530595_EA", "Sub Category": null, "English Name": "Halloween Fruit Treats", "Size": "755 g", "Size Label": "ea"}, {"Category": "Chips & Snacks", "Aisle": "Snacks, Chips & Candy", "Sku": "20796879_C01", "Regular Price": "17.49", "Sale Price": "11.99", "Image": "https://assets.shop.loblaws.ca/products/20796879/b1/en/front/20796879_front_a01_@2.png", "Brand": "Del Monte", "Url": "https://www.maxi.ca/fruit-cups-peach-club-pack-case/p/20796879_C01", "Sub Category": null, "English Name": "Fruit Cups, Peach Club Pack   (Case)", "Size": "20x112.5 ml", "Size Label": "ea"}, {"Category": "Chips & Snacks", "Aisle": "Snacks, Chips & Candy", "Sku": "21524168_EA", "Regular Price": "None", "Sale Price": "4.49", "Image": "https://assets.shop.loblaws.ca/products/21524168/b1/en/front/21524168_front_a01_@2.png", "Brand": "Humble", "Url": "https://www.maxi.ca/smokey-bbq-organic/p/21524168_EA", "Sub Category": null, "English Name": "Smokey Bbq Organic", "Size": "135 g", "Size Label": "ea"}, {"Category": "Chips & Snacks", "Aisle": "Snacks, Chips & Candy", "Sku": "20629532003_EA", "Regular Price": "None", "Sale Price": "4.99", "Image": "https://assets.shop.loblaws.ca/products/20629532003/b1/en/front/20629532003_front_a01_@2.png", "Brand": "Orville", "Url": "https://www.maxi.ca/popcorn-bowl-extra-buttery/p/20629532003_EA", "Sub Category": null, "English Name": "Popcorn Bowl, Extra Buttery    ", "Size": "6x82.0 g", "Size Label": "ea"}, {"Category": "Chips & Snacks", "Aisle": "Snacks, Chips & Candy", "Sku": "21284243_EA", "Regular Price": "None", "Sale Price": "2.79", "Image": "https://assets.shop.loblaws.ca/products/21284243/b1/en/front/21284243_front_a01_@2.png", "Brand": "President's Choice", "Url": "https://www.maxi.ca/sea-salt-garden-stix/p/21284243_EA", "Sub Category": null, "English Name": "Sea Salt Garden Stix", "Size": "142 g", "Size Label": "ea"}, {"Category": "Chips & Snacks", "Aisle": "Snacks, Chips & Candy", "Sku": "20847434_EA", "Regular Price": "None", "Sale Price": "2.29", "Image": "https://assets.shop.loblaws.ca/products/20847434/b1/en/front/20847434_front_a01_@2.png", "Brand": "Quaker", "Url": "https://www.maxi.ca/dipps-granola-bars-rainbow-chip/p/20847434_EA", "Sub Category": null, "English Name": "Dipps Granola Bars \u2013 Rainbow Chip", "Size": "150 g", "Size Label": "ea"}, {"Category": "Chips & Snacks", "Aisle": "Snacks, Chips & Candy", "Sku": "20555781_EA", "Regular Price": "None", "Sale Price": "3.99", "Image": "https://assets.shop.loblaws.ca/products/20555781/b1/en/front/20555781_front_a01_@2.png", "Brand": "President's Choice", "Url": "https://www.maxi.ca/chicago-mix-popcorn/p/20555781_EA", "Sub Category": null, "English Name": "Chicago Mix Popcorn", "Size": "220 g", "Size Label": "ea"}, {"Category": "Chips & Snacks", "Aisle": "Snacks, Chips & Candy", "Sku": "20321764001_EA", "Regular Price": "None", "Sale Price": "3.99", "Image": "https://assets.shop.loblaws.ca/products/20321764001/b1/en/front/20321764001_front_a01_@2.png", "Brand": "Kozy Shack", "Url": "https://www.maxi.ca/tapioca-pudding-cups-no-sugar-added/p/20321764001_EA", "Sub Category": null, "English Name": "Tapioca Pudding Cups No Sugar Added", "Size": "4x113.0 g", "Size Label": "ea"}, {"Category": "Chips & Snacks", "Aisle": "Snacks, Chips & Candy", "Sku": "20324241002_EA", "Regular Price": "None", "Sale Price": "2.29", "Image": "https://assets.shop.loblaws.ca/products/20324241002/b1/en/front/20324241002_front_a01_@2.png", "Brand": "Mott's", "Url": "https://www.maxi.ca/fruitsations-apple-sauce-unsweetened/p/20324241002_EA", "Sub Category": null, "English Name": "Fruitsations Apple Sauce, Unsweetened", "Size": "104 ml", "Size Label": "ea"}, {"Category": "Chips & Snacks", "Aisle": "Snacks, Chips & Candy", "Sku": "21521668_EA", "Regular Price": "None", "Sale Price": "2.79", "Image": "https://assets.shop.loblaws.ca/products/21521668/b1/en/front/21521668_front_a01_@2.png", "Brand": "President's Choice", "Url": "https://www.maxi.ca/world-of-flavours-filipino-adobo-chicken-flavour-r/p/21521668_EA", "Sub Category": null, "English Name": "World of Flavours Filipino Adobo Chicken Flavour Rippled Potato Chips", "Size": "200 g", "Size Label": "ea"}, {"Category": "Chips & Snacks", "Aisle": "Snacks, Chips & Candy", "Sku": "21540695_EA", "Regular Price": "None", "Sale Price": "2.79", "Image": "https://assets.shop.loblaws.ca/products/21540695/b1/en/front/21540695_front_a01_@2.png", "Brand": "President's Choice", "Url": "https://www.maxi.ca/rich-and-chewy-chocolate-chip-granola-bars/p/21540695_EA", "Sub Category": null, "English Name": "Rich and Chewy Chocolate Chip Granola Bars", "Size": "120 g", "Size Label": "ea"}, {"Category": "Chips & Snacks", "Aisle": "Snacks, Chips & Candy", "Sku": "20315520004_EA", "Regular Price": "3.99", "Sale Price": "2.99", "Image": "https://assets.shop.loblaws.ca/products/20315520004/b1/en/front/20315520004_front_a01_@2.png", "Brand": "Nature Valley", "Url": "https://www.maxi.ca/crunchy-granola-bars-roasted-almond/p/20315520004_EA", "Sub Category": null, "English Name": "Crunchy Granola Bars, Roasted Almond", "Size": "230 g", "Size Label": "ea"}, {"Category": "Chips & Snacks", "Aisle": "Snacks, Chips & Candy", "Sku": "21494759_EA", "Regular Price": "None", "Sale Price": "2.99", "Image": "https://assets.shop.loblaws.ca/products/21494759/b1/en/front/21494759_front_a01_@2.png", "Brand": "Kashi", "Url": "https://www.maxi.ca/chewy-whole-grain-bars-dark-mocha-almond/p/21494759_EA", "Sub Category": null, "English Name": "Chewy Whole Grain Bars Dark Mocha Almond", "Size": "175 g", "Size Label": "ea"}, {"Category": "Chips & Snacks", "Aisle": "Snacks, Chips & Candy", "Sku": "21064085_EA", "Regular Price": "None", "Sale Price": "3.99", "Image": "https://assets.shop.loblaws.ca/products/21064085/b1/en/front/21064085_front_a01_@2.png", "Brand": "GoGo squeez", "Url": "https://www.maxi.ca/squeeze-apple-blueberry/p/21064085_EA", "Sub Category": null, "English Name": "Squeeze, Apple Blueberry", "Size": "90 g", "Size Label": "ea"}, {"Category": "Chips & Snacks", "Aisle": "Snacks, Chips & Candy", "Sku": "21240611_EA", "Regular Price": "None", "Sale Price": "4.49", "Image": "https://assets.shop.loblaws.ca/products/21240611/b1/en/front/21240611_front_a01_@2.png", "Brand": "Hostess", "Url": "https://www.maxi.ca/hostess-original-flavour-potato-sticks-275g/p/21240611_EA", "Sub Category": null, "English Name": "Hostess Original Flavour Potato Sticks 275g", "Size": "275 g", "Size Label": "ea"}, {"Category": "Chips & Snacks", "Aisle": "Snacks, Chips & Candy", "Sku": "21370367_EA", "Regular Price": "None", "Sale Price": "4.99", "Image": "https://assets.shop.loblaws.ca/products/21370367/b1/en/front/21370367_front_a01_@2.png", "Brand": "PopCorners", "Url": "https://www.maxi.ca/sea-salt-popped-corn-chips-142g/p/21370367_EA", "Sub Category": null, "English Name": "Sea Salt Popped-Corn Chips 142g", "Size": "142 g", "Size Label": "ea"}, {"Category": "Chips & Snacks", "Aisle": "Snacks, Chips & Candy", "Sku": "21536594_EA", "Regular Price": "None", "Sale Price": "2.49", "Image": "https://assets.shop.loblaws.ca/products/21536594/b1/en/front/21536594_front_a01_@2.png", "Brand": "Leclerc", "Url": "https://www.maxi.ca/n-gabar-coated-nougat-bars-chocolate-fudge/p/21536594_EA", "Sub Category": null, "English Name": "N\u00fcgabar Coated Nougat Bars Chocolate & Fudge", "Size": "175 g", "Size Label": "ea"}, {"Category": "Chips & Snacks", "Aisle": "Snacks, Chips & Candy", "Sku": "20629531002_EA", "Regular Price": "None", "Sale Price": "8.49", "Image": "https://assets.shop.loblaws.ca/products/20629531002/b1/en/front/20629531002_front_a01_@2.png", "Brand": "Orville", "Url": "https://www.maxi.ca/popcorn-extra-buttery/p/20629531002_EA", "Sub Category": null, "English Name": "Popcorn, Extra Buttery", "Size": "10x82.0 g", "Size Label": "ea"}, {"Category": "Chips & Snacks", "Aisle": "Snacks, Chips & Candy", "Sku": "20315520006_EA", "Regular Price": "3.99", "Sale Price": "2.99", "Image": "https://assets.shop.loblaws.ca/products/20315520006/b1/en/front/20315520006_front_a01_@2.png", "Brand": "Nature Valley", "Url": "https://www.maxi.ca/trail-mix-dark-chocolate-chewy-granola-bars/p/20315520006_EA", "Sub Category": null, "English Name": "Trail Mix Dark Chocolate Chewy Granola Bars", "Size": "175 g", "Size Label": "ea"}, {"Category": "Chips & Snacks", "Aisle": "Snacks, Chips & Candy", "Sku": "21524163_EA", "Regular Price": "None", "Sale Price": "4.99", "Image": "https://assets.shop.loblaws.ca/products/21524163/b1/en/front/21524163_front_a01_@2.png", "Brand": "PopCorners", "Url": "https://www.maxi.ca/flavoured-popped-corn-chips-sweet-chili/p/21524163_EA", "Sub Category": null, "English Name": "Flavoured Popped-Corn Chips Sweet Chili", "Size": "142 g", "Size Label": "ea"}, {"Category": "Chips & Snacks", "Aisle": "Snacks, Chips & Candy", "Sku": "20987663_EA", "Regular Price": "9.99", "Sale Price": "8.99", "Image": "https://assets.shop.loblaws.ca/products/20987663/b1/en/front/20987663_front_a01_@2.png", "Brand": "GoGo squeez", "Url": "https://www.maxi.ca/squeeze-apple-strawberry/p/20987663_EA", "Sub Category": null, "English Name": "Squeeze, Apple/Strawberry", "Size": "12x90.0 g", "Size Label": "ea"}, {"Category": "Chips & Snacks", "Aisle": "Snacks, Chips & Candy", "Sku": "20370855001_EA", "Regular Price": "None", "Sale Price": "4.79", "Image": "https://assets.shop.loblaws.ca/products/20370855001/b1/en/front/20370855001_front_a01_@2.png", "Brand": "Hardbite", "Url": "https://www.maxi.ca/handcrafted-style-chips-all-natural/p/20370855001_EA", "Sub Category": null, "English Name": "Handcrafted-Style Chips, All Natural", "Size": "150 g", "Size Label": "ea"}, {"Category": "Chips & Snacks", "Aisle": "Snacks, Chips & Candy", "Sku": "21154323_EA", "Regular Price": "None", "Sale Price": "2.49", "Image": "https://assets.shop.loblaws.ca/products/21154323/b1/en/front/21154323_front_a01_@2.png", "Brand": "Leclerc", "Url": "https://www.maxi.ca/chocomax-indulgent-squares-cookies-creme-flavour/p/21154323_EA", "Sub Category": null, "English Name": "Chocomax Indulgent Squares Cookies & Creme Flavour", "Size": "192 g", "Size Label": "ea"}, {"Category": "Chips & Snacks", "Aisle": "Snacks, Chips & Candy", "Sku": "21520661_EA", "Regular Price": "4.29", "Sale Price": "3.49", "Image": "https://assets.shop.loblaws.ca/products/21520661/b1/en/front/21520661_front_a01_@2.png", "Brand": "Kettle", "Url": "https://www.maxi.ca/krinkle-cut-potato-chips-salt-fresh-ground-pepper/p/21520661_EA", "Sub Category": null, "English Name": "Krinkle Cut Potato Chips Salt & Fresh Ground Pepper", "Size": "198 g", "Size Label": "ea"}, {"Category": "Chips & Snacks", "Aisle": "Snacks, Chips & Candy", "Sku": "21291284_EA", "Regular Price": "None", "Sale Price": "4.79", "Image": "https://assets.shop.loblaws.ca/products/21291284/b1/en/front/21291284_front_a01_@2.png", "Brand": "No Name", "Url": "https://www.maxi.ca/microwave-butter-flavour-popcorn/p/21291284_EA", "Sub Category": null, "English Name": "Microwave Butter Flavour Popcorn", "Size": "822 g", "Size Label": "ea"}, {"Category": "Chips & Snacks", "Aisle": "Snacks, Chips & Candy", "Sku": "20840911004_EA", "Regular Price": "None", "Sale Price": "2.79", "Image": "https://assets.shop.loblaws.ca/products/20840911004/b1/en/front/20840911004_front_a01_@2.png", "Brand": "President's Choice", "Url": "https://www.maxi.ca/loads-of-all-dressed-rippled-potato-chips/p/20840911004_EA", "Sub Category": null, "English Name": "Loads Of All Dressed Rippled Potato Chips", "Size": "200 g", "Size Label": "ea"}, {"Category": "Chips & Snacks", "Aisle": "Snacks, Chips & Candy", "Sku": "21164970_EA", "Regular Price": "None", "Sale Price": "10.49", "Image": "https://assets.shop.loblaws.ca/products/21164970/b1/en/front/21164970_front_a01_@2.png", "Brand": "Kelloggs", "Url": "https://www.maxi.ca/special-k-cereal-bars-2-flavours/p/21164970_EA", "Sub Category": null, "English Name": "Special K Cereal Bars 2 Flavours", "Size": "500 g", "Size Label": "ea"}, {"Category": "Chips & Snacks", "Aisle": "Snacks, Chips & Candy", "Sku": "20967795_EA", "Regular Price": "None", "Sale Price": "4.49", "Image": "https://assets.shop.loblaws.ca/products/20967795/b1/en/front/20967795_front_a01_@2.png", "Brand": "President's Choice", "Url": "https://www.maxi.ca/fibre-chocolate-brownie-bars/p/20967795_EA", "Sub Category": null, "English Name": "Fibre Chocolate Brownie Bars", "Size": "150 g", "Size Label": "ea"}, {"Category": "Chips & Snacks", "Aisle": "Snacks, Chips & Candy", "Sku": "20313984005_EA", "Regular Price": "None", "Sale Price": "2.99", "Image": "https://assets.shop.loblaws.ca/products/20313984005/b1/en/front/20313984005_front_a01_@2.png", "Brand": "Kelloggs", "Url": "https://www.maxi.ca/nutri-grain-cereal-bars-raspberry-8-bars/p/20313984005_EA", "Sub Category": null, "English Name": "Nutri-Grain Cereal Bars, Raspberry 8 Bars", "Size": "295 g", "Size Label": "ea"}, {"Category": "Chips & Snacks", "Aisle": "Snacks, Chips & Candy", "Sku": "21540086_EA", "Regular Price": "None", "Sale Price": "4.79", "Image": "https://assets.shop.loblaws.ca/products/21540086/b1/en/front/21540086_front_a01_@2.png", "Brand": "The Good Crisp Company", "Url": "https://www.maxi.ca/potato-crisps-salt-vinegar-flavour/p/21540086_EA", "Sub Category": null, "English Name": "Potato Crisps Salt & Vinegar Flavour", "Size": "160 g", "Size Label": "ea"}, {"Category": "Chips & Snacks", "Aisle": "Snacks, Chips & Candy", "Sku": "20318455004_EA", "Regular Price": "None", "Sale Price": "3.69", "Image": "https://assets.shop.loblaws.ca/products/20318455004/b1/en/front/20318455004_front_a01_@2.png", "Brand": "Dole", "Url": "https://www.maxi.ca/fruit-bowls-tropical-fruit/p/20318455004_EA", "Sub Category": null, "English Name": "Fruit Bowls Tropical Fruit", "Size": "4x107.0 ml", "Size Label": "ea"}, {"Category": "Chips & Snacks", "Aisle": "Snacks, Chips & Candy", "Sku": "20840911006_EA", "Regular Price": "None", "Sale Price": "2.79", "Image": "https://assets.shop.loblaws.ca/products/20840911006/b1/en/front/20840911006_front_a01_@2.png", "Brand": "President's Choice", "Url": "https://www.maxi.ca/loads-of-barbecue-rippled-potato-chips/p/20840911006_EA", "Sub Category": null, "English Name": "Loads Of Barbecue Rippled Potato Chips", "Size": "200 g", "Size Label": "ea"}, {"Category": "Chips & Snacks", "Aisle": "Snacks, Chips & Candy", "Sku": "21098737_EA", "Regular Price": "None", "Sale Price": "5.49", "Image": "https://assets.shop.loblaws.ca/products/21098737/b1/en/front/21098737_front_a01_@2.png", "Brand": "No Name", "Url": "https://www.maxi.ca/regular-round-tortilla-chips/p/21098737_EA", "Sub Category": null, "English Name": "Regular Round Tortilla Chips", "Size": "908 g", "Size Label": "ea"}, {"Category": "Chips & Snacks", "Aisle": "Snacks, Chips & Candy", "Sku": "21240828_EA", "Regular Price": "5.49", "Sale Price": "4.99", "Image": "https://assets.shop.loblaws.ca/products/21240828/b1/en/front/21240828_front_a01_@2.png", "Brand": "Lay's", "Url": "https://www.maxi.ca/classic-potato-chips/p/21240828_EA", "Sub Category": null, "English Name": "Classic potato chips", "Size": "415 g", "Size Label": "ea"}, {"Category": "Chips & Snacks", "Aisle": "Snacks, Chips & Candy", "Sku": "20247946_EA", "Regular Price": "None", "Sale Price": "13.99", "Image": "https://assets.shop.loblaws.ca/products/20247946/b1/en/front/20247946_front_a01_@2.png", "Brand": "President's Choice", "Url": "https://www.maxi.ca/almonds-bananas-pineapple-cranberries-walnuts-trai/p/20247946_EA", "Sub Category": null, "English Name": "Almonds, Bananas, Pineapple, Cranberries & Walnuts Trail Mix", "Size": "700 g", "Size Label": "ea"}, {"Category": "Chips & Snacks", "Aisle": "Snacks, Chips & Candy", "Sku": "20318455006_EA", "Regular Price": "None", "Sale Price": "3.69", "Image": "https://assets.shop.loblaws.ca/products/20318455006/b1/en/front/20318455006_front_a01_@2.png", "Brand": "Dole", "Url": "https://www.maxi.ca/fruit-bowls-peach-mango-4-cups/p/20318455006_EA", "Sub Category": null, "English Name": "Fruit Bowls Peach Mango 4 Cups", "Size": "4x107.0 ml", "Size Label": "ea"}, {"Category": "Chips & Snacks", "Aisle": "Snacks, Chips & Candy", "Sku": "21533145_EA", "Regular Price": "None", "Sale Price": "5.49", "Image": "https://assets.shop.loblaws.ca/products/21533145/b1/en/front/21533145_front_a01_@2.png", "Brand": "Neal Brothers Foods", "Url": "https://www.maxi.ca/tortillas-new-classics-organic/p/21533145_EA", "Sub Category": null, "English Name": "Tortillas New Classics Organic", "Size": "300 g", "Size Label": "ea"}, {"Category": "Chips & Snacks", "Aisle": "Snacks, Chips & Candy", "Sku": "21316004_EA", "Regular Price": "None", "Sale Price": "2.79", "Image": "https://assets.shop.loblaws.ca/products/21316004/b1/en/front/21316004_front_a01_@2.png", "Brand": "President's Choice", "Url": "https://www.maxi.ca/loads-of-cheesy-garlic-bread-flavour-rippled-potat/p/21316004_EA", "Sub Category": null, "English Name": "Loads of Cheesy Garlic Bread Flavour Rippled Potato Chips", "Size": "200 g", "Size Label": "ea"}, {"Category": "Chips & Snacks", "Aisle": "Snacks, Chips & Candy", "Sku": "21370205_EA", "Regular Price": "None", "Sale Price": "4.99", "Image": "https://assets.shop.loblaws.ca/products/21370205/b1/en/front/21370205_front_a01_@2.png", "Brand": "PopCorners", "Url": "https://www.maxi.ca/sweet-salty-kettle-corn-style-flavoured-popped-cor/p/21370205_EA", "Sub Category": null, "English Name": "Sweet & Salty Kettle Corn Style Flavoured Popped-Corn Chips 142g", "Size": "142 g", "Size Label": "ea"}, {"Category": "Chips & Snacks", "Aisle": "Snacks, Chips & Candy", "Sku": "21279925_EA", "Regular Price": "None", "Sale Price": "3.79", "Image": "https://assets.shop.loblaws.ca/products/21279925/b1/en/front/21279925_front_a01_@2.png", "Brand": "Nature Valley", "Url": "https://www.maxi.ca/wafer-peanut-butter-chocolate/p/21279925_EA", "Sub Category": null, "English Name": "Wafer Peanut Butter Chocolate", "Size": "184 g", "Size Label": "ea"}, {"Category": "Chips & Snacks", "Aisle": "Snacks, Chips & Candy", "Sku": "20309037_EA", "Regular Price": "None", "Sale Price": "6.99", "Image": "https://assets.shop.loblaws.ca/products/20309037/b1/en/front/20309037_front_a01_@2.png", "Brand": "President's Choice", "Url": "https://www.maxi.ca/dipped-and-chewy-chocolate-fudge-and-chocolate-chi/p/20309037_EA", "Sub Category": null, "English Name": "Dipped and Chewy Chocolate Fudge and Chocolate Chip Granola Bars", "Size": "618 g", "Size Label": "ea"}, {"Category": "Chips & Snacks", "Aisle": "Snacks, Chips & Candy", "Sku": "21371282_EA", "Regular Price": "None", "Sale Price": "6.99", "Image": "https://assets.shop.loblaws.ca/products/21371282/b1/en/front/21371282_front_a01_@2.png", "Brand": "Betty Crocker", "Url": "https://www.maxi.ca/fruit-gushers-family-pack/p/21371282_EA", "Sub Category": null, "English Name": "Fruit Gushers Family Pack", "Size": "368 g", "Size Label": "ea"}, {"Category": "Chips & Snacks", "Aisle": "Snacks, Chips & Candy", "Sku": "20501575_EA", "Regular Price": "None", "Sale Price": "9.49", "Image": "https://assets.shop.loblaws.ca/products/20501575/b1/en/front/20501575_front_a01_@2.png", "Brand": "President's Choice", "Url": "https://www.maxi.ca/peanut-butter-filled-pretzels/p/20501575_EA", "Sub Category": null, "English Name": "Peanut Butter Filled Pretzels", "Size": "680 g", "Size Label": "ea"}, {"Category": "Chips & Snacks", "Aisle": "Snacks, Chips & Candy", "Sku": "20055576_EA", "Regular Price": "None", "Sale Price": "11.99", "Image": "https://assets.shop.loblaws.ca/products/20055576/b1/en/front/20055576_front_a01_@2.png", "Brand": "SunRype", "Url": "https://www.maxi.ca/fruit-to-go-100-fruit-snack-pack/p/20055576_EA", "Sub Category": null, "English Name": "Fruit To Go 100% Fruit Snack Pack", "Size": "24x14.0 g", "Size Label": "ea"}, {"Category": "Chips & Snacks", "Aisle": "Snacks, Chips & Candy", "Sku": "21370415_EA", "Regular Price": "None", "Sale Price": "3.99", "Image": "https://assets.shop.loblaws.ca/products/21370415/b1/en/front/21370415_front_a01_@2.png", "Brand": "Munchies", "Url": "https://www.maxi.ca/original-snack-mix-250g/p/21370415_EA", "Sub Category": null, "English Name": "Original Snack Mix 250g", "Size": "250 g", "Size Label": "ea"}, {"Category": "Chips & Snacks", "Aisle": "Snacks, Chips & Candy", "Sku": "21430782_EA", "Regular Price": "None", "Sale Price": "12.49", "Image": "https://assets.shop.loblaws.ca/products/21430782/b1/en/front/21430782_front_a01_@2.png", "Brand": "Quaker", "Url": "https://www.maxi.ca/chewy-granola-cereal-or-fruit-bars-chocolate-fun/p/21430782_EA", "Sub Category": null, "English Name": "Chewy Granola Cereal Or Fruit Bars Chocolate Fun", "Size": "960 g", "Size Label": "ea"}, {"Category": "Chips & Snacks", "Aisle": "Snacks, Chips & Candy", "Sku": "20148817_EA", "Regular Price": "None", "Sale Price": "2.79", "Image": "https://assets.shop.loblaws.ca/products/20148817/b1/en/front/20148817_front_a01_@2.png", "Brand": "President's Choice", "Url": "https://www.maxi.ca/large-round-white-corn-tortilla-chips/p/20148817_EA", "Sub Category": null, "English Name": "Large & Round White Corn Tortilla Chips ", "Size": "340 g", "Size Label": "ea"}, {"Category": "Chips & Snacks", "Aisle": "Snacks, Chips & Candy", "Sku": "21185162_EA", "Regular Price": "None", "Sale Price": "2.29", "Image": "https://assets.shop.loblaws.ca/products/21185162/b1/en/front/21185162_front_a01_@2.png", "Brand": "Quaker", "Url": "https://www.maxi.ca/dipps-salted-butterscotch-crunch-flavour-granola-b/p/21185162_EA", "Sub Category": null, "English Name": "Dipps Salted Butterscotch Crunch Flavour Granola Bars", "Size": "155 g", "Size Label": "ea"}, {"Category": "Chips & Snacks", "Aisle": "Snacks, Chips & Candy", "Sku": "20318455001_EA", "Regular Price": "3.69", "Sale Price": "3.49", "Image": "https://assets.shop.loblaws.ca/products/20318455001/b1/en/front/20318455001_front_a01_@2.png", "Brand": "Dole", "Url": "https://www.maxi.ca/fruit-bowls-extra-cherries/p/20318455001_EA", "Sub Category": null, "English Name": "Fruit Bowls Extra Cherries", "Size": "4x107.0 ml", "Size Label": "ea"}, {"Category": "Chips & Snacks", "Aisle": "Snacks, Chips & Candy", "Sku": "21359366_EA", "Regular Price": "None", "Sale Price": "2.29", "Image": "https://assets.shop.loblaws.ca/products/21359366/b1/en/front/21359366_front_a01_@2.png", "Brand": "Quaker", "Url": "https://www.maxi.ca/chewy-granola-bars-chocolatey-chip/p/21359366_EA", "Sub Category": null, "English Name": "Chewy Granola Bars - Chocolatey Chip", "Size": "120 g", "Size Label": "ea"}, {"Category": "Chips & Snacks", "Aisle": "Snacks, Chips & Candy", "Sku": "20303002003_EA", "Regular Price": "None", "Sale Price": "2.29", "Image": "https://assets.shop.loblaws.ca/products/20303002003/b1/en/front/20303002003_front_a01_@2.png", "Brand": "Quaker", "Url": "https://www.maxi.ca/crispy-minis-salt-vinegar-flavour-brown-rice-chips/p/20303002003_EA", "Sub Category": null, "English Name": "Crispy Minis Salt & Vinegar flavour brown rice chips", "Size": "100 g", "Size Label": "ea"}, {"Category": "Chips & Snacks", "Aisle": "Snacks, Chips & Candy", "Sku": "20939686_EA", "Regular Price": "2.59", "Sale Price": "2.29", "Image": "https://assets.shop.loblaws.ca/products/20939686/b1/en/front/20939686_front_a01_@2.png", "Brand": "President's Choice", "Url": "https://www.maxi.ca/apple-strawberry-squeeze-fruit-snacks/p/20939686_EA", "Sub Category": null, "English Name": "Apple Strawberry Squeeze Fruit Snacks", "Size": "4x90.0 g", "Size Label": "ea"}, {"Category": "Chips & Snacks", "Aisle": "Snacks, Chips & Candy", "Sku": "21395174_EA", "Regular Price": "None", "Sale Price": "6.99", "Image": "https://assets.shop.loblaws.ca/products/21395174/b1/en/front/21395174_front_a01_@2.png", "Brand": "President's Choice", "Url": "https://www.maxi.ca/sweet-and-salty-almond-nut-bars-club-size/p/21395174_EA", "Sub Category": null, "English Name": "Sweet and Salty Almond Nut Bars Club Size", "Size": "630 g", "Size Label": "ea"}, {"Category": "Chips & Snacks", "Aisle": "Snacks, Chips & Candy", "Sku": "20650196_EA", "Regular Price": "None", "Sale Price": "3.99", "Image": "https://assets.shop.loblaws.ca/products/20650196/b1/en/front/20650196_front_a01_@2.png", "Brand": "Sensible Portions", "Url": "https://www.maxi.ca/veggie-chips/p/20650196_EA", "Sub Category": null, "English Name": "Veggie Chips", "Size": "142 g", "Size Label": "ea"}, {"Category": "Chips & Snacks", "Aisle": "Snacks, Chips & Candy", "Sku": "21520654_EA", "Regular Price": "4.29", "Sale Price": "3.49", "Image": "https://assets.shop.loblaws.ca/products/21520654/b1/en/front/21520654_front_a01_@2.png", "Brand": "Kettle", "Url": "https://www.maxi.ca/potato-chips-sea-salt-vinegar/p/21520654_EA", "Sub Category": null, "English Name": "Potato Chips Sea Salt & Vinegar", "Size": "198 g", "Size Label": "ea"}, {"Category": "Chips & Snacks", "Aisle": "Snacks, Chips & Candy", "Sku": "21508108_EA", "Regular Price": "None", "Sale Price": "2.49", "Image": "https://assets.shop.loblaws.ca/products/21508108/b1/en/front/21508108_front_a01_@2.png", "Brand": "Leclerc", "Url": "https://www.maxi.ca/go-pure-fruit-oat-bars-orchard-fruit/p/21508108_EA", "Sub Category": null, "English Name": "Go Pure Fruit & Oat Bars Orchard Fruit", "Size": "5x140.0 g", "Size Label": "ea"}, {"Category": "Chips & Snacks", "Aisle": "Snacks, Chips & Candy", "Sku": "20324241008_EA", "Regular Price": "3.29", "Sale Price": "2.29", "Image": "https://assets.shop.loblaws.ca/products/20324241008/b1/en/front/20324241008_front_a01_@2.png", "Brand": "Mott's", "Url": "https://www.maxi.ca/fruitsations-unsweetened-strawberry-kiwi-apple-sau/p/20324241008_EA", "Sub Category": null, "English Name": "Fruitsations Unsweetened Strawberry Kiwi Apple Sauce", "Size": "6x111.0 g", "Size Label": "ea"}, {"Category": "Chips & Snacks", "Aisle": "Snacks, Chips & Candy", "Sku": "20650196_EA", "Regular Price": "None", "Sale Price": "3.99", "Image": "https://assets.shop.loblaws.ca/products/20650196/b1/en/front/20650196_front_a01_@2.png", "Brand": "Sensible Portions", "Url": "https://www.maxi.ca/veggie-chips/p/20650196_EA", "Sub Category": null, "English Name": "Veggie Chips", "Size": "142 g", "Size Label": "ea"}, {"Category": "Chips & Snacks", "Aisle": "Snacks, Chips & Candy", "Sku": "21449897_EA", "Regular Price": "None", "Sale Price": "3.79", "Image": "https://assets.shop.loblaws.ca/products/21449897/b1/en/front/21449897_front_a01_@2.png", "Brand": "Nature Valley", "Url": "https://www.maxi.ca/muffin-blueberry/p/21449897_EA", "Sub Category": null, "English Name": "Muffin Blueberry", "Size": "175 g", "Size Label": "ea"}, {"Category": "Chips & Snacks", "Aisle": "Snacks, Chips & Candy", "Sku": "21404787_EA", "Regular Price": "None", "Sale Price": "3.69", "Image": "https://assets.shop.loblaws.ca/products/21404787/b1/en/front/21404787_front_a01_@2.png", "Brand": "Dole", "Url": "https://www.maxi.ca/peaches-in-strawberry-flavoured-gel/p/21404787_EA", "Sub Category": null, "English Name": "Peaches In Strawberry Flavoured Gel", "Size": "492 g", "Size Label": "ea"}, {"Category": "Chips & Snacks", "Aisle": "Snacks, Chips & Candy", "Sku": "21457055_EA", "Regular Price": "None", "Sale Price": "11.49", "Image": "https://assets.shop.loblaws.ca/products/21457055/b1/en/front/21457055_front_a01_@2.png", "Brand": "Cheetos", "Url": "https://www.maxi.ca/puffs-cheese-flavoured-snacks-halloween-pack-40-ct/p/21457055_EA", "Sub Category": null, "English Name": "Puffs Cheese Flavoured Snacks Halloween Pack 40 CT", "Size": "640 g", "Size Label": "ea"}, {"Category": "Chips & Snacks", "Aisle": "Snacks, Chips & Candy", "Sku": "20501983002_EA", "Regular Price": "None", "Sale Price": "6.99", "Image": "https://assets.shop.loblaws.ca/products/20501983002/b1/en/front/20501983002_front_a01_@2.png", "Brand": "Jack Links", "Url": "https://www.maxi.ca/beef-jerky-original/p/20501983002_EA", "Sub Category": null, "English Name": "Beef Jerky, Original", "Size": "80 g", "Size Label": "ea"}, {"Category": "Chips & Snacks", "Aisle": "Snacks, Chips & Candy", "Sku": "21384111_EA", "Regular Price": "None", "Sale Price": "10.99", "Image": "https://assets.shop.loblaws.ca/products/21384111/b1/en/front/21384111_front_a01_@2.png", "Brand": "Old Dutch", "Url": "https://www.maxi.ca/regular-potato-chips/p/21384111_EA", "Sub Category": null, "English Name": "Regular Potato Chips", "Size": "720 g", "Size Label": "ea"}, {"Category": "Chips & Snacks", "Aisle": "Snacks, Chips & Candy", "Sku": "21010759_EA", "Regular Price": "None", "Sale Price": "2.99", "Image": "https://assets.shop.loblaws.ca/products/21010759/b1/en/front/21010759_front_a01_@2.png", "Brand": "Kelloggs", "Url": "https://www.maxi.ca/special-k-nourish-dark-chocolate-chunks-almonds-ba/p/21010759_EA", "Sub Category": null, "English Name": "Special K Nourish Dark Chocolate Chunks & Almonds Bar", "Size": "165 g", "Size Label": "ea"}, {"Category": "Chips & Snacks", "Aisle": "Snacks, Chips & Candy", "Sku": "20325154002_EA", "Regular Price": "None", "Sale Price": "5.29", "Image": "https://assets.shop.loblaws.ca/products/20325154002/b1/en/front/20325154002_front_a01_@2.png", "Brand": "Kozy Shack", "Url": "https://www.maxi.ca/tapioca-pudding-cups/p/20325154002_EA", "Sub Category": null, "English Name": "Tapioca Pudding Cups", "Size": "6x113.0 g", "Size Label": "ea"}, {"Category": "Chips & Snacks", "Aisle": "Snacks, Chips & Candy", "Sku": "20323829001_EA", "Regular Price": "None", "Sale Price": "3.99", "Image": "https://assets.shop.loblaws.ca/products/20323829001/b1/en/front/20323829001_front_a01_@2.png", "Brand": "Kozy Shack", "Url": "https://www.maxi.ca/rice-pudding-tubs/p/20323829001_EA", "Sub Category": null, "English Name": "Rice Pudding Tubs", "Size": "624 g", "Size Label": "ea"}, {"Category": "Chips & Snacks", "Aisle": "Snacks, Chips & Candy", "Sku": "21520654_EA", "Regular Price": "4.29", "Sale Price": "3.49", "Image": "https://assets.shop.loblaws.ca/products/21520654/b1/en/front/21520654_front_a01_@2.png", "Brand": "Kettle", "Url": "https://www.maxi.ca/potato-chips-sea-salt-vinegar/p/21520654_EA", "Sub Category": null, "English Name": "Potato Chips Sea Salt & Vinegar", "Size": "198 g", "Size Label": "ea"}, {"Category": "Chips & Snacks", "Aisle": "Snacks, Chips & Candy", "Sku": "21508108_EA", "Regular Price": "None", "Sale Price": "2.49", "Image": "https://assets.shop.loblaws.ca/products/21508108/b1/en/front/21508108_front_a01_@2.png", "Brand": "Leclerc", "Url": "https://www.maxi.ca/go-pure-fruit-oat-bars-orchard-fruit/p/21508108_EA", "Sub Category": null, "English Name": "Go Pure Fruit & Oat Bars Orchard Fruit", "Size": "5x140.0 g", "Size Label": "ea"}, {"Category": "Chips & Snacks", "Aisle": "Snacks, Chips & Candy", "Sku": "20324241008_EA", "Regular Price": "3.29", "Sale Price": "2.29", "Image": "https://assets.shop.loblaws.ca/products/20324241008/b1/en/front/20324241008_front_a01_@2.png", "Brand": "Mott's", "Url": "https://www.maxi.ca/fruitsations-unsweetened-strawberry-kiwi-apple-sau/p/20324241008_EA", "Sub Category": null, "English Name": "Fruitsations Unsweetened Strawberry Kiwi Apple Sauce", "Size": "6x111.0 g", "Size Label": "ea"}, {"Category": "Chips & Snacks", "Aisle": "Snacks, Chips & Candy", "Sku": "21536597_EA", "Regular Price": "None", "Sale Price": "2.49", "Image": "https://assets.shop.loblaws.ca/products/21536597/b1/en/front/21536597_front_a01_@2.png", "Brand": "Leclerc", "Url": "https://www.maxi.ca/n-gabar-coated-nougat-bars-dark-chocolate-caramel/p/21536597_EA", "Sub Category": null, "English Name": "N\u00fcgabar Coated Nougat Bars Dark Chocolate & Caramel", "Size": "175 g", "Size Label": "ea"}, {"Category": "Chips & Snacks", "Aisle": "Snacks, Chips & Candy", "Sku": "20309701002_EA", "Regular Price": "2.79", "Sale Price": "2.29", "Image": "https://assets.shop.loblaws.ca/products/20309701002/b1/en/front/20309701002_front_a01_@2.png", "Brand": "President's Choice", "Url": "https://www.maxi.ca/apple-cinnamon-apple-sauce/p/20309701002_EA", "Sub Category": null, "English Name": "Apple Cinnamon Apple Sauce ", "Size": "6x100.0 ml", "Size Label": "ea"}, {"Category": "Chips & Snacks", "Aisle": "Snacks, Chips & Candy", "Sku": "20313984003_EA", "Regular Price": "None", "Sale Price": "2.99", "Image": "https://assets.shop.loblaws.ca/products/20313984003/b1/en/front/20313984003_front_a01_@2.png", "Brand": "Kelloggs", "Url": "https://www.maxi.ca/nutri-grain-cereal-bars-apple-cinnamon-8-bars/p/20313984003_EA", "Sub Category": null, "English Name": "Nutri-Grain Cereal Bars, Apple Cinnamon 8 Bars", "Size": "295 g", "Size Label": "ea"}, {"Category": "Chips & Snacks", "Aisle": "Snacks, Chips & Candy", "Sku": "20913606_EA", "Regular Price": "None", "Sale Price": "2.79", "Image": "https://assets.shop.loblaws.ca/products/20913606/b1/en/front/20913606_front_a01_@2.png", "Brand": "President's Choice", "Url": "https://www.maxi.ca/dipped-chewy-chocolate-chip-granola-bars/p/20913606_EA", "Sub Category": null, "English Name": "Dipped & Chewy Chocolate Chip Granola Bars", "Size": "156 g", "Size Label": "ea"}, {"Category": "Chips & Snacks", "Aisle": "Snacks, Chips & Candy", "Sku": "20326314001_EA", "Regular Price": "2.49", "Sale Price": "2.29", "Image": "https://assets.shop.loblaws.ca/products/20326314001/b1/en/front/20326314001_front_a01_@2.png", "Brand": "No Name", "Url": "https://www.maxi.ca/diced-clingstone-peaches-in-light-syrup/p/20326314001_EA", "Sub Category": null, "English Name": "Diced Clingstone Peaches in Light Syrup", "Size": "4x107.0 ml", "Size Label": "ea"}, {"Category": "Chips & Snacks", "Aisle": "Snacks, Chips & Candy", "Sku": "21367030_EA", "Regular Price": "None", "Sale Price": "9.99", "Image": "https://assets.shop.loblaws.ca/products/21367030/b1/en/front/21367030_front_a01_@2.png", "Brand": "Frito-lay", "Url": "https://www.maxi.ca/classic-mix-504g/p/21367030_EA", "Sub Category": null, "English Name": "Classic Mix 504g", "Size": "504 g", "Size Label": "ea"}, {"Category": "Chips & Snacks", "Aisle": "Snacks, Chips & Candy", "Sku": "20126567001_EA", "Regular Price": "None", "Sale Price": "2.99", "Image": "https://assets.shop.loblaws.ca/products/20126567001/b1/en/front/20126567001_front_a01_@2.png", "Brand": "Kelloggs", "Url": "https://www.maxi.ca/rice-krispies-bars-original/p/20126567001_EA", "Sub Category": null, "English Name": "Rice Krispies Bars Original", "Size": "176 g", "Size Label": "ea"}, {"Category": "Chips & Snacks", "Aisle": "Snacks, Chips & Candy", "Sku": "20625553002_EA", "Regular Price": "None", "Sale Price": "3.99", "Image": "https://assets.shop.loblaws.ca/products/20625553002/b1/en/front/20625553002_front_a01_@2.png", "Brand": "Orville", "Url": "https://www.maxi.ca/popcorn-bowl-extra-butter/p/20625553002_EA", "Sub Category": null, "English Name": "Popcorn Bowl, Extra Butter", "Size": "246 g", "Size Label": "ea"}, {"Category": "Chips & Snacks", "Aisle": "Snacks, Chips & Candy", "Sku": "21185317_EA", "Regular Price": "None", "Sale Price": "2.29", "Image": "https://assets.shop.loblaws.ca/products/21185317/b1/en/front/21185317_front_a01_@2.png", "Brand": "Quaker", "Url": "https://www.maxi.ca/dipps-cookies-and-cream-flavour-granola-bars/p/21185317_EA", "Sub Category": null, "English Name": "Dipps Cookies and Cream Flavour Granola Bars", "Size": "150 g", "Size Label": "ea"}, {"Category": "Chips & Snacks", "Aisle": "Snacks, Chips & Candy", "Sku": "20028559_EA", "Regular Price": "None", "Sale Price": "2.99", "Image": "https://assets.shop.loblaws.ca/products/20028559/b1/en/front/20028559_front_a01_@2.png", "Brand": "No Name", "Url": "https://www.maxi.ca/original-party-mix/p/20028559_EA", "Sub Category": null, "English Name": "Original Party Mix", "Size": "320 g", "Size Label": "ea"}, {"Category": "Chips & Snacks", "Aisle": "Snacks, Chips & Candy", "Sku": "21358429_EA", "Regular Price": "9.99", "Sale Price": "8.99", "Image": "https://assets.shop.loblaws.ca/products/21358429/b1/en/front/21358429_front_a01_@2.png", "Brand": "GoGo squeez", "Url": "https://www.maxi.ca/fruit-sauce-12-pouches/p/21358429_EA", "Sub Category": null, "English Name": "Fruit Sauce 12 Pouches", "Size": "1.08 kg", "Size Label": "ea"}, {"Category": "Chips & Snacks", "Aisle": "Snacks, Chips & Candy", "Sku": "21508053_EA", "Regular Price": "None", "Sale Price": "2.49", "Image": "https://assets.shop.loblaws.ca/products/21508053/b1/en/front/21508053_front_a01_@2.png", "Brand": "Leclerc", "Url": "https://www.maxi.ca/go-pure-oatmeal-bars-apple-cinnamon/p/21508053_EA", "Sub Category": null, "English Name": "Go Pure Oatmeal Bars Apple & Cinnamon", "Size": "175 g", "Size Label": "ea"}, {"Category": "Chips & Snacks", "Aisle": "Snacks, Chips & Candy", "Sku": "21559709_EA", "Regular Price": "None", "Sale Price": "4.49", "Image": "https://assets.shop.loblaws.ca/products/21559709/b1/en/front/21559709_front_a01_@2.png", "Brand": "Tostitos", "Url": "https://www.maxi.ca/hearty-dippers-tortilla-chips/p/21559709_EA", "Sub Category": null, "English Name": "Hearty Dippers Tortilla Chips", "Size": "250 g", "Size Label": "ea"}, {"Category": "Chips & Snacks", "Aisle": "Snacks, Chips & Candy", "Sku": "20415654001_EA", "Regular Price": "None", "Sale Price": "3.69", "Image": "https://assets.shop.loblaws.ca/products/20415654001/b1/en/front/20415654001_front_a01_@2.png", "Brand": "Dole", "Url": "https://www.maxi.ca/lots-of-cherries-in-water/p/20415654001_EA", "Sub Category": null, "English Name": "Lots of Cherries in Water", "Size": "428 ml", "Size Label": "ea"}, {"Category": "Chips & Snacks", "Aisle": "Snacks, Chips & Candy", "Sku": "20958271_EA", "Regular Price": "None", "Sale Price": "3.29", "Image": "https://assets.shop.loblaws.ca/products/20958271/b1/en/front/20958271_front_a01_@2.png", "Brand": "Yum Yum", "Url": "https://www.maxi.ca/chips-bacon/p/20958271_EA", "Sub Category": null, "English Name": "Chips, Bacon", "Size": "200 g", "Size Label": "ea"}, {"Category": "Chips & Snacks", "Aisle": "Snacks, Chips & Candy", "Sku": "20959565_EA", "Regular Price": "None", "Sale Price": "3.29", "Image": "https://assets.shop.loblaws.ca/products/20959565/b1/en/front/20959565_front_a01_@2.png", "Brand": "Yum Yum", "Url": "https://www.maxi.ca/cheese-sticks/p/20959565_EA", "Sub Category": null, "English Name": "Cheese Sticks", "Size": "270 g", "Size Label": "ea"}, {"Category": "Chips & Snacks", "Aisle": "Snacks, Chips & Candy", "Sku": "21021620_EA", "Regular Price": "None", "Sale Price": "5.99", "Image": "https://assets.shop.loblaws.ca/products/21021620/b1/en/front/21021620_front_a01_@2.png", "Brand": "Planters", "Url": "https://www.maxi.ca/mixed-nuts-60-peanuts-roasted-salted/p/21021620_EA", "Sub Category": null, "English Name": "Mixed Nuts, 60% Peanuts, Roasted & Salted", "Size": "250 g", "Size Label": "ea"}, {"Category": "Chips & Snacks", "Aisle": "Snacks, Chips & Candy", "Sku": "20689864005_EA", "Regular Price": "None", "Sale Price": "3.39", "Image": "https://assets.shop.loblaws.ca/products/20689864005/b1/en/front/20689864005_front_a01_@2.png", "Brand": "Old Dutch", "Url": "https://www.maxi.ca/rip-l-potato-chips-lightly-salted/p/20689864005_EA", "Sub Category": null, "English Name": "Rip-L Potato Chips, Lightly Salted", "Size": "180 g", "Size Label": "ea"}, {"Category": "Chips & Snacks", "Aisle": "Snacks, Chips & Candy", "Sku": "21472056_EA", "Regular Price": "None", "Sale Price": "5.49", "Image": "https://assets.shop.loblaws.ca/products/21472056/b1/en/front/21472056_front_a01_@2.png", "Brand": "Sunmaid", "Url": "https://www.maxi.ca/fruity-raisin-snacks-sour-watermelon/p/21472056_EA", "Sub Category": null, "English Name": "Fruity Raisin Snacks Sour Watermelon", "Size": "7x7.0 ea", "Size Label": "ea"}, {"Category": "Chips & Snacks", "Aisle": "Snacks, Chips & Candy", "Sku": "20951723_EA", "Regular Price": "None", "Sale Price": "8.99", "Image": "https://assets.shop.loblaws.ca/products/20951723/b1/en/front/20951723_front_a01_@2.png", "Brand": "President's Choice", "Url": "https://www.maxi.ca/chicago-mix-popcorn/p/20951723_EA", "Sub Category": null, "English Name": "Chicago Mix Popcorn", "Size": "737 g", "Size Label": "ea"}, {"Category": "Chips & Snacks", "Aisle": "Snacks, Chips & Candy", "Sku": "21003830_EA", "Regular Price": "None", "Sale Price": "2.79", "Image": "https://assets.shop.loblaws.ca/products/21003830/b1/en/front/21003830_front_a01_@2.png", "Brand": "Pringles", "Url": "https://www.maxi.ca/salt-vinegar-flavour-potato-chips/p/21003830_EA", "Sub Category": null, "English Name": "Salt & Vinegar Flavour Potato Chips", "Size": "156 g", "Size Label": "ea"}, {"Category": "Chips & Snacks", "Aisle": "Snacks, Chips & Candy", "Sku": "21305855_EA", "Regular Price": "None", "Sale Price": "2.79", "Image": "https://assets.shop.loblaws.ca/products/21305855/b1/en/front/21305855_front_a01_@2.png", "Brand": "Cineplex", "Url": "https://www.maxi.ca/butter-microwave-popcorn-3-pack/p/21305855_EA", "Sub Category": null, "English Name": "Butter Microwave Popcorn - 3 Pack", "Size": "255 g", "Size Label": "ea"}, {"Category": "Chips & Snacks", "Aisle": "Snacks, Chips & Candy", "Sku": "21218653_EA", "Regular Price": "None", "Sale Price": "3.39", "Image": "https://assets.shop.loblaws.ca/products/21218653/b1/en/front/21218653_front_a01_@2.png", "Brand": "Old Dutch", "Url": "https://www.maxi.ca/bbq-chips/p/21218653_EA", "Sub Category": null, "English Name": "Bbq Chips", "Size": "180 g", "Size Label": "ea"}, {"Category": "Chips & Snacks", "Aisle": "Snacks, Chips & Candy", "Sku": "20958272_EA", "Regular Price": "None", "Sale Price": "3.29", "Image": "https://assets.shop.loblaws.ca/products/20958272/b1/en/front/20958272_front_a01_@2.png", "Brand": "Yum Yum", "Url": "https://www.maxi.ca/chips-ketchup/p/20958272_EA", "Sub Category": null, "English Name": "Chips, Ketchup", "Size": "200 g", "Size Label": "ea"}, {"Category": "Chips & Snacks", "Aisle": "Snacks, Chips & Candy", "Sku": "21241144_EA", "Regular Price": "5.29", "Sale Price": "4.99", "Image": "https://assets.shop.loblaws.ca/products/21241144/b1/en/front/21241144_front_a01_@2.png", "Brand": "Ruffles", "Url": "https://www.maxi.ca/all-dressed-flavoured-potato-chips/p/21241144_EA", "Sub Category": null, "English Name": "All Dressed Flavoured Potato Chips", "Size": "350 g", "Size Label": "ea"}, {"Category": "Snack Cakes", "Aisle": "Snacks, Chips & Candy", "Sku": "20963606_EA", "Regular Price": "3.49", "Sale Price": "2.99", "Image": "https://assets.shop.loblaws.ca/products/20963606/b1/en/front/20963606_front_a01_@2.png", "Brand": "Vachon", "Url": "https://www.maxi.ca/jos-louis-the-original-cakes/p/20963606_EA", "Sub Category": null, "English Name": "Jos Louis The Original Cakes", "Size": "324 g", "Size Label": "ea"}, {"Category": "Snack Cakes", "Aisle": "Snacks, Chips & Candy", "Sku": "21417380_EA", "Regular Price": "None", "Sale Price": "2.99", "Image": "https://assets.shop.loblaws.ca/products/21417380/b1/en/front/21417380_front_a01_@2.png", "Brand": "School Safe", "Url": "https://www.maxi.ca/muffin-bars-banana-chocolate-chip/p/21417380_EA", "Sub Category": null, "English Name": "Muffin Bars Banana Chocolate Chip", "Size": "296 g", "Size Label": "ea"}, {"Category": "Snack Cakes", "Aisle": "Snacks, Chips & Candy", "Sku": "20005728_EA", "Regular Price": "None", "Sale Price": "2.99", "Image": "https://assets.shop.loblaws.ca/products/20005728/b1/en/front/20005728_front_a01_@2.png", "Brand": "Vachon", "Url": "https://www.maxi.ca/ah-caramel/p/20005728_EA", "Sub Category": null, "English Name": "Ah Caramel", "Size": "336 g", "Size Label": "ea"}, {"Category": "Snack Cakes", "Aisle": "Snacks, Chips & Candy", "Sku": "21363224_EA", "Regular Price": "4.49", "Sale Price": "2.99", "Image": "https://assets.shop.loblaws.ca/products/21363224/b1/en/front/21363224_front_a01_@2.png", "Brand": "School Safe", "Url": "https://www.maxi.ca/muffin-bars-birthday-cake/p/21363224_EA", "Sub Category": null, "English Name": "Muffin Bars Birthday Cake", "Size": "296 g", "Size Label": "ea"}, {"Category": "Snack Cakes", "Aisle": "Snacks, Chips & Candy", "Sku": "21027889_EA", "Regular Price": "3.49", "Sale Price": "2.99", "Image": "https://assets.shop.loblaws.ca/products/21027889/b1/en/front/21027889_front_a01_@2.png", "Brand": "Vachon", "Url": "https://www.maxi.ca/vanilla-flavour-cakes-1-2-lune-moon/p/21027889_EA", "Sub Category": null, "English Name": "Vanilla Flavour Cakes 1/2 Lune Moon ", "Size": "282 g", "Size Label": "ea"}, {"Category": "Snack Cakes", "Aisle": "Snacks, Chips & Candy", "Sku": "21363229_EA", "Regular Price": "4.49", "Sale Price": "2.99", "Image": "https://assets.shop.loblaws.ca/products/21363229/b1/en/front/21363229_front_a01_@2.png", "Brand": "School Safe", "Url": "https://www.maxi.ca/brownie-bars/p/21363229_EA", "Sub Category": null, "English Name": "Brownie Bars ", "Size": "296 g", "Size Label": "ea"}, {"Category": "Snack Cakes", "Aisle": "Snacks, Chips & Candy", "Sku": "21529216_EA", "Regular Price": "None", "Sale Price": "4.29", "Image": "https://assets.shop.loblaws.ca/products/21529216/b1/en/front/21529216_front_a01_@2.png", "Brand": "School Safe", "Url": "https://www.maxi.ca/bursting-blueberry/p/21529216_EA", "Sub Category": null, "English Name": "Bursting Blueberry", "Size": "280 g", "Size Label": "ea"}, {"Category": "Snack Cakes", "Aisle": "Snacks, Chips & Candy", "Sku": "20047091_EA", "Regular Price": "3.49", "Sale Price": "2.99", "Image": "https://assets.shop.loblaws.ca/products/20047091/b1/en/front/20047091_front_a01_@2.png", "Brand": "Vachon", "Url": "https://www.maxi.ca/may-west-the-original-cakes/p/20047091_EA", "Sub Category": null, "English Name": "May West The Original Cakes", "Size": "324 g", "Size Label": "ea"}, {"Category": "Snack Cakes", "Aisle": "Snacks, Chips & Candy", "Sku": "20156639_EA", "Regular Price": "3.49", "Sale Price": "2.99", "Image": "https://assets.shop.loblaws.ca/products/20156639/b1/en/front/20156639_front_a01_@2.png", "Brand": "Vachon", "Url": "https://www.maxi.ca/mille-feuilles-the-original/p/20156639_EA", "Sub Category": null, "English Name": "Mille Feuilles The Original", "Size": "48.5 g", "Size Label": "ea"}, {"Category": "Snack Cakes", "Aisle": "Snacks, Chips & Candy", "Sku": "20776331_EA", "Regular Price": "3.49", "Sale Price": "2.99", "Image": "https://assets.shop.loblaws.ca/products/20776331/b1/en/front/20776331_front_a01_@2.png", "Brand": "Vachon", "Url": "https://www.maxi.ca/jelly-log-rolled-sponge-cakes/p/20776331_EA", "Sub Category": null, "English Name": "Jelly Log Rolled Sponge Cakes", "Size": "288 g", "Size Label": "ea"}, {"Category": "Snack Cakes", "Aisle": "Snacks, Chips & Candy", "Sku": "21490963_EA", "Regular Price": "3.49", "Sale Price": "2.99", "Image": "https://assets.shop.loblaws.ca/products/21490963/b1/en/front/21490963_front_a01_@2.png", "Brand": "Vachon", "Url": "https://www.maxi.ca/passion-caramel-caramel-flaky-pastries/p/21490963_EA", "Sub Category": null, "English Name": "Passion Caramel!\u2122 Caramel Flaky Pastries", "Size": "288 g", "Size Label": "ea"}, {"Category": "Snack Cakes", "Aisle": "Snacks, Chips & Candy", "Sku": "20077240_EA", "Regular Price": "None", "Sale Price": "4.79", "Image": "https://assets.shop.loblaws.ca/products/20077240/b1/en/front/20077240_front_a01_@2.png", "Brand": "Sara Lee", "Url": "https://www.maxi.ca/authentic-oatmeal-cookie/p/20077240_EA", "Sub Category": null, "English Name": "Authentic Oatmeal Cookie", "Size": "300 g", "Size Label": "ea"}, {"Category": "Coffee", "Aisle": "Drinks", "Sku": "20312861001_EA", "Regular Price": "None", "Sale Price": "9.99", "Image": "https://assets.shop.loblaws.ca/products/20312861001/b1/en/front/20312861001_front_a01_@2.png", "Brand": "Maxwell House", "Url": "https://www.maxi.ca/original-roast-ground-coffee/p/20312861001_EA", "Sub Category": null, "English Name": "Original Roast Ground Coffee", "Size": "925 g", "Size Label": "ea"}, {"Category": "Coffee", "Aisle": "Drinks", "Sku": "21308076_EA", "Regular Price": "17.99", "Sale Price": "12.99", "Image": "https://assets.shop.loblaws.ca/products/21308076/b1/en/front/21308076_front_a01_@2.png", "Brand": "Maxwell House", "Url": "https://www.maxi.ca/original-roast-coffee-100-compostable-k-cup-coffee/p/21308076_EA", "Sub Category": null, "English Name": "Original Roast Coffee 100% Compostable K Cup Coffee Pods", "Size": "285 g", "Size Label": "ea"}, {"Category": "Coffee", "Aisle": "Drinks", "Sku": "20873036_EA", "Regular Price": "None", "Sale Price": "4.99", "Image": "https://assets.shop.loblaws.ca/products/20873036/b1/en/front/20873036_front_a01_@2.png", "Brand": "Nescafe", "Url": "https://www.maxi.ca/rich-instant-coffee/p/20873036_EA", "Sub Category": null, "English Name": "Rich Instant Coffee", "Size": "170 g", "Size Label": "ea"}, {"Category": "Coffee", "Aisle": "Drinks", "Sku": "21393374_EA", "Regular Price": "16.99", "Sale Price": "14.99", "Image": "https://assets.shop.loblaws.ca/products/21393374/b1/en/front/21393374_front_a01_@2.png", "Brand": "President's Choice", "Url": "https://www.maxi.ca/gourmet-west-coast-dark-roast-fine-grind-coffee/p/21393374_EA", "Sub Category": null, "English Name": "Gourmet West Coast Dark Roast Fine Grind Coffee", "Size": "875 g", "Size Label": "ea"}, {"Category": "Coffee", "Aisle": "Drinks", "Sku": "21478183_EA", "Regular Price": "None", "Sale Price": "12.99", "Image": "https://assets.shop.loblaws.ca/products/21478183/b1/en/front/21478183_front_a01_@2.png", "Brand": "Folgers", "Url": "https://www.maxi.ca/classic-roast-ground-coffee/p/21478183_EA", "Sub Category": null, "English Name": "Classic Roast Ground Coffee", "Size": "816 g", "Size Label": "ea"}, {"Category": "Coffee", "Aisle": "Drinks", "Sku": "21393573_EA", "Regular Price": "15.49", "Sale Price": "14.99", "Image": "https://assets.shop.loblaws.ca/products/21393573/b1/en/front/21393573_front_a01_@2.png", "Brand": "President's Choice", "Url": "https://www.maxi.ca/the-great-canadian-light-to-medium-roast-fine-grin/p/21393573_EA", "Sub Category": null, "English Name": "The Great Canadian Light to Medium Roast Fine Grind Coffee", "Size": "930 g", "Size Label": "ea"}, {"Category": "Coffee", "Aisle": "Drinks", "Sku": "21166682_EA", "Regular Price": "None", "Sale Price": "17.99", "Image": "https://assets.shop.loblaws.ca/products/21166682/b1/en/front/21166682_front_a01_@2.png", "Brand": "Tim Hortons", "Url": "https://www.maxi.ca/original-k-cup-coffee-pods/p/21166682_EA", "Sub Category": null, "English Name": "Original K-Cup Coffee Pods", "Size": "30 ea", "Size Label": "ea"}, {"Category": "Coffee", "Aisle": "Drinks", "Sku": "20875767_EA", "Regular Price": "20.99", "Sale Price": "18.99", "Image": "https://assets.shop.loblaws.ca/products/20875767/b1/en/front/20875767_front_a01_@2.png", "Brand": "Tim Hortons", "Url": "https://www.maxi.ca/original-fine-grind-coffee/p/20875767_EA", "Sub Category": null, "English Name": "Original Fine Grind Coffee", "Size": "930 g", "Size Label": "ea"}, {"Category": "Coffee", "Aisle": "Drinks", "Sku": "20661811001_EA", "Regular Price": "7.49", "Sale Price": "4.99", "Image": "https://assets.shop.loblaws.ca/products/20661811001/b1/en/front/20661811001_front_a01_@2.png", "Brand": "Nescafe", "Url": "https://www.maxi.ca/tasters-choice-classic-instant-coffee/p/20661811001_EA", "Sub Category": null, "English Name": "Tasters Choice Classic Instant Coffee", "Size": "100 g", "Size Label": "ea"}, {"Category": "Coffee", "Aisle": "Drinks", "Sku": "21479234_EA", "Regular Price": "None", "Sale Price": "9.99", "Image": "https://assets.shop.loblaws.ca/products/21479234/b1/en/front/21479234_front_a01_@2.png", "Brand": "Maxwell House", "Url": "https://www.maxi.ca/pure-ground-coffee-rich-dark-roast/p/21479234_EA", "Sub Category": null, "English Name": "Pure Ground Coffee Rich Dark Roast", "Size": "900 g", "Size Label": "ea"}, {"Category": "Coffee", "Aisle": "Drinks", "Sku": "21111235_EA", "Regular Price": "None", "Sale Price": "34.99", "Image": "https://assets.shop.loblaws.ca/products/21111235/b1/en/front/21111235_front_a01_@2.png", "Brand": "President's Choice", "Url": "https://www.maxi.ca/gourmet-west-coast-dark-roast-single-serve-coffee/p/21111235_EA", "Sub Category": null, "English Name": "Gourmet West Coast Dark Roast Single Serve Coffee Pods", "Size": "72 ea", "Size Label": "ea"}, {"Category": "Coffee", "Aisle": "Drinks", "Sku": "20175362_EA", "Regular Price": "None", "Sale Price": "4.99", "Image": "https://assets.shop.loblaws.ca/products/20175362/b1/en/front/20175362_front_a01_@2.png", "Brand": "Lavazza", "Url": "https://www.maxi.ca/crema-gusto/p/20175362_EA", "Sub Category": null, "English Name": "Crema & Gusto", "Size": "250 g", "Size Label": "ea"}, {"Category": "Coffee", "Aisle": "Drinks", "Sku": "20315998_EA", "Regular Price": "None", "Sale Price": "4.99", "Image": "https://assets.shop.loblaws.ca/products/20315998/b1/en/front/20315998_front_a01_@2.png", "Brand": "Lavazza", "Url": "https://www.maxi.ca/roasted-ground-coffee-qualit-rossa/p/20315998_EA", "Sub Category": null, "English Name": "Roasted Ground Coffee Qualit\u00e0 Rossa", "Size": "250 g", "Size Label": "ea"}, {"Category": "Coffee", "Aisle": "Drinks", "Sku": "21393574_EA", "Regular Price": "15.49", "Sale Price": "14.99", "Image": "https://assets.shop.loblaws.ca/products/21393574/b1/en/front/21393574_front_a01_@2.png", "Brand": "President's Choice", "Url": "https://www.maxi.ca/gourmet-medium-roast-extra-fine-grind-coffee/p/21393574_EA", "Sub Category": null, "English Name": "Gourmet Medium Roast Extra Fine Grind Coffee", "Size": "930 g", "Size Label": "ea"}, {"Category": "Coffee", "Aisle": "Drinks", "Sku": "20774062_C01", "Regular Price": "None", "Sale Price": "34.99", "Image": "https://assets.shop.loblaws.ca/products/20774062/b1/en/front/20774062_front_a01_@2.png", "Brand": "No Name", "Url": "https://www.maxi.ca/medium-roast-coffee-pods-club-size/p/20774062_C01", "Sub Category": null, "English Name": "Medium Roast Coffee Pods Club Size", "Size": "100 ea", "Size Label": "c01"}, {"Category": "Coffee", "Aisle": "Drinks", "Sku": "21393556_EA", "Regular Price": "15.49", "Sale Price": "14.99", "Image": "https://assets.shop.loblaws.ca/products/21393556/b1/en/front/21393556_front_a01_@2.png", "Brand": "President's Choice", "Url": "https://www.maxi.ca/gourmet-medium-roast-regular-grind-coffee/p/21393556_EA", "Sub Category": null, "English Name": "Gourmet Medium Roast Regular Grind Coffee ", "Size": "930 g", "Size Label": "ea"}, {"Category": "Coffee", "Aisle": "Drinks", "Sku": "21380616_EA", "Regular Price": "None", "Sale Price": "8.99", "Image": "https://assets.shop.loblaws.ca/products/21380616/b1/en/front/21380616_front_a01_@2.png", "Brand": "No Name", "Url": "https://www.maxi.ca/medium-roast-ground-coffee/p/21380616_EA", "Sub Category": null, "English Name": "Medium Roast Ground Coffee", "Size": "925 g", "Size Label": "ea"}, {"Category": "Coffee", "Aisle": "Drinks", "Sku": "20950415_EA", "Regular Price": "5.99", "Sale Price": "4.99", "Image": "https://assets.shop.loblaws.ca/products/20950415/b1/en/front/20950415_front_a01_@2.png", "Brand": "Nescafe", "Url": "https://www.maxi.ca/rich-decaf-instant-coffee/p/20950415_EA", "Sub Category": null, "English Name": "Rich Decaf Instant Coffee", "Size": "100 g", "Size Label": "ea"}, {"Category": "Coffee", "Aisle": "Drinks", "Sku": "21393334_EA", "Regular Price": "16.99", "Sale Price": "15.99", "Image": "https://assets.shop.loblaws.ca/products/21393334/b1/en/front/21393334_front_a01_@2.png", "Brand": "President's Choice", "Url": "https://www.maxi.ca/gourmet-west-coast-dark-roast-whole-bean-coffee/p/21393334_EA", "Sub Category": null, "English Name": "Gourmet West Coast Dark Roast\u2122 Whole Bean Coffee", "Size": "907 g", "Size Label": "ea"}, {"Category": "Coffee", "Aisle": "Drinks", "Sku": "20548682004_EA", "Regular Price": "11.99", "Sale Price": "8.99", "Image": "https://assets.shop.loblaws.ca/products/20548682004/b1/en/front/20548682004_front_a01_@2.png", "Brand": "Starbucks", "Url": "https://www.maxi.ca/ground-100-arabica-coffee-pike-place-medium-roast/p/20548682004_EA", "Sub Category": null, "English Name": "Ground 100% Arabica Coffee Pike Place Medium Roast", "Size": "340 g", "Size Label": "ea"}, {"Category": "Coffee", "Aisle": "Drinks", "Sku": "21238559_EA", "Regular Price": "None", "Sale Price": "23.99", "Image": "https://assets.shop.loblaws.ca/products/21238559/b1/en/front/21238559_front_a01_@2.png", "Brand": "McCafe", "Url": "https://www.maxi.ca/premium-medium-dark-roast-ground-coffee/p/21238559_EA", "Sub Category": null, "English Name": "Premium Medium Dark Roast Ground Coffee", "Size": "950 g", "Size Label": "ea"}, {"Category": "Coffee", "Aisle": "Drinks", "Sku": "21074565_EA", "Regular Price": "None", "Sale Price": "8.49", "Image": "https://assets.shop.loblaws.ca/products/21074565/b1/en/front/21074565_front_a01_@2.png", "Brand": "Nescafe", "Url": "https://www.maxi.ca/gold-espresso-instant-coffee/p/21074565_EA", "Sub Category": null, "English Name": "GOLD Espresso Instant Coffee", "Size": "100 g", "Size Label": "ea"}, {"Category": "Coffee", "Aisle": "Drinks", "Sku": "21363371_EA", "Regular Price": "None", "Sale Price": "7.99", "Image": "https://assets.shop.loblaws.ca/products/21363371/b1/en/front/21363371_front_a01_@2.png", "Brand": "Nescafe", "Url": "https://www.maxi.ca/nescaf-sweet-and-creamy-original-instant-coffee-mi/p/21363371_EA", "Sub Category": null, "English Name": "Nescaf\u00e9 Sweet and Creamy Original Instant Coffee Mix", "Size": "351 g", "Size Label": "ea"}, {"Category": "Coffee", "Aisle": "Drinks", "Sku": "20949839_EA", "Regular Price": "5.99", "Sale Price": "4.99", "Image": "https://assets.shop.loblaws.ca/products/20949839/b1/en/front/20949839_front_a01_@2.png", "Brand": "Nescafe", "Url": "https://www.maxi.ca/rich-french-vanilla-instant-coffee/p/20949839_EA", "Sub Category": null, "English Name": "Rich French Vanilla Instant Coffee", "Size": "100 g", "Size Label": "ea"}, {"Category": "Coffee", "Aisle": "Drinks", "Sku": "21363386_EA", "Regular Price": "5.99", "Sale Price": "4.99", "Image": "https://assets.shop.loblaws.ca/products/21363386/b1/en/front/21363386_front_a01_@2.png", "Brand": "Nescafe", "Url": "https://www.maxi.ca/rich-intense-instant-coffee/p/21363386_EA", "Sub Category": null, "English Name": "Rich Intense Instant Coffee", "Size": "160 g", "Size Label": "ea"}, {"Category": "Coffee", "Aisle": "Drinks", "Sku": "20949814_EA", "Regular Price": "5.99", "Sale Price": "4.99", "Image": "https://assets.shop.loblaws.ca/products/20949814/b1/en/front/20949814_front_a01_@2.png", "Brand": "Nescafe", "Url": "https://www.maxi.ca/rich-hazelnut-instant-coffee/p/20949814_EA", "Sub Category": null, "English Name": "RICH Hazelnut, Instant Coffee", "Size": "100 g", "Size Label": "ea"}, {"Category": "Coffee", "Aisle": "Drinks", "Sku": "21030532_C01", "Regular Price": "None", "Sale Price": "34.99", "Image": "https://assets.shop.loblaws.ca/products/21030532/b1/en/front/21030532_front_a01_@2.png", "Brand": "No Name", "Url": "https://www.maxi.ca/dark-roast-coffee-pods-club-size/p/21030532_C01", "Sub Category": null, "English Name": "Dark Roast Coffee Pods Club Size", "Size": "1 ea", "Size Label": "c01"}, {"Category": "Coffee", "Aisle": "Drinks", "Sku": "20548682002_EA", "Regular Price": "11.99", "Sale Price": "8.99", "Image": "https://assets.shop.loblaws.ca/products/20548682002/b1/en/front/20548682002_front_a01_@2.png", "Brand": "Starbucks", "Url": "https://www.maxi.ca/ground-100-arabica-coffee-true-north-blend-blonde/p/20548682002_EA", "Sub Category": null, "English Name": "Ground 100% Arabica Coffee True North Blend Blonde Roast", "Size": "340 g", "Size Label": "ea"}, {"Category": "Coffee", "Aisle": "Drinks", "Sku": "21309165_EA", "Regular Price": "None", "Sale Price": "4.99", "Image": "https://assets.shop.loblaws.ca/products/21309165/b1/en/front/21309165_front_a01_@2.png", "Brand": "Nescafe", "Url": "https://www.maxi.ca/classic-decaf-coffee/p/21309165_EA", "Sub Category": null, "English Name": "Classic Decaf Coffee", "Size": "100 g", "Size Label": "ea"}, {"Category": "Coffee", "Aisle": "Drinks", "Sku": "21363370_EA", "Regular Price": "None", "Sale Price": "7.99", "Image": "https://assets.shop.loblaws.ca/products/21363370/b1/en/front/21363370_front_a01_@2.png", "Brand": "Nescafe", "Url": "https://www.maxi.ca/nescaf-sweet-and-creamy-french-vanilla-instant-cof/p/21363370_EA", "Sub Category": null, "English Name": "Nescaf\u00e9 Sweet and Creamy French Vanilla Instant Coffee Mix", "Size": "351 g", "Size Label": "ea"}, {"Category": "Coffee", "Aisle": "Drinks", "Sku": "21398289_EA", "Regular Price": "None", "Sale Price": "11.49", "Image": "https://assets.shop.loblaws.ca/products/21398289/b1/en/front/21398289_front_a01_@2.png", "Brand": "Starbucks", "Url": "https://www.maxi.ca/ground-coffee-pike-place-roast-nespresso-vertuo/p/21398289_EA", "Sub Category": null, "English Name": "Ground Coffee Pike Place Roast, Nespresso Vertuo", "Size": "100 g", "Size Label": "ea"}, {"Category": "Coffee", "Aisle": "Drinks", "Sku": "21393552_EA", "Regular Price": "16.99", "Sale Price": "14.99", "Image": "https://assets.shop.loblaws.ca/products/21393552/b1/en/front/21393552_front_a01_@2.png", "Brand": "President's Choice", "Url": "https://www.maxi.ca/gourmet-swiss-water-process-decaffeinated-medium-r/p/21393552_EA", "Sub Category": null, "English Name": "Gourmet Swiss Water Process Decaffeinated Medium Roast Fine Grind Coffee", "Size": "875 g", "Size Label": "ea"}, {"Category": "Coffee", "Aisle": "Drinks", "Sku": "21166714_EA", "Regular Price": "None", "Sale Price": "17.99", "Image": "https://assets.shop.loblaws.ca/products/21166714/b1/en/front/21166714_front_a01_@2.png", "Brand": "Tim Hortons", "Url": "https://www.maxi.ca/columbian-k-cup-coffee-pods/p/21166714_EA", "Sub Category": null, "English Name": "Columbian K-Cup Coffee Pods", "Size": "30 ea", "Size Label": "ea"}, {"Category": "Coffee", "Aisle": "Drinks", "Sku": "21166700_EA", "Regular Price": "None", "Sale Price": "17.99", "Image": "https://assets.shop.loblaws.ca/products/21166700/b1/en/front/21166700_front_a01_@2.png", "Brand": "Tim Hortons", "Url": "https://www.maxi.ca/dark-roast-k-cup-compatible/p/21166700_EA", "Sub Category": null, "English Name": "Dark Roast K-Cup Compatible", "Size": "30 ea", "Size Label": "ea"}, {"Category": "Coffee", "Aisle": "Drinks", "Sku": "21111217_EA", "Regular Price": "None", "Sale Price": "34.99", "Image": "https://assets.shop.loblaws.ca/products/21111217/b1/en/front/21111217_front_a01_@2.png", "Brand": "President's Choice", "Url": "https://www.maxi.ca/the-great-canadian-light-to-medium-roast-single-se/p/21111217_EA", "Sub Category": null, "English Name": "The Great Canadian Light to Medium Roast Single Serve Coffee Pods", "Size": "72 ea", "Size Label": "ea"}, {"Category": "Coffee", "Aisle": "Drinks", "Sku": "20057497_EA", "Regular Price": "None", "Sale Price": "8.79", "Image": "https://assets.shop.loblaws.ca/products/20057497/b1/en/front/20057497_front_a01_@2.png", "Brand": "No Name", "Url": "https://www.maxi.ca/instant-coffee-club-size/p/20057497_EA", "Sub Category": null, "English Name": "Instant Coffee Club Size", "Size": "340 g", "Size Label": "ea"}, {"Category": "Coffee", "Aisle": "Drinks", "Sku": "21393372_EA", "Regular Price": "15.49", "Sale Price": "14.99", "Image": "https://assets.shop.loblaws.ca/products/21393372/b1/en/front/21393372_front_a01_@2.png", "Brand": "President's Choice", "Url": "https://www.maxi.ca/gourmet-medium-roast-fine-grind-coffee/p/21393372_EA", "Sub Category": null, "English Name": "Gourmet Medium Roast Fine Grind Coffee ", "Size": "930 g", "Size Label": "ea"}, {"Category": "Coffee", "Aisle": "Drinks", "Sku": "21026608_EA", "Regular Price": "None", "Sale Price": "5.49", "Image": "https://assets.shop.loblaws.ca/products/21026608/b1/en/front/21026608_front_a01_@2.png", "Brand": "Maxwell House", "Url": "https://www.maxi.ca/original-roast-instant-coffee/p/21026608_EA", "Sub Category": null, "English Name": "Original Roast Instant Coffee", "Size": "150 g", "Size Label": "ea"}, {"Category": "Coffee", "Aisle": "Drinks", "Sku": "20902294_EA", "Regular Price": "None", "Sale Price": "9.99", "Image": "https://assets.shop.loblaws.ca/products/20902294/b1/en/front/20902294_front_a01_@2.png", "Brand": "Tim Hortons", "Url": "https://www.maxi.ca/original-coffee/p/20902294_EA", "Sub Category": null, "English Name": "Original Coffee", "Size": "300 g", "Size Label": "ea"}, {"Category": "Coffee", "Aisle": "Drinks", "Sku": "21240975_EA", "Regular Price": "None", "Sale Price": "23.99", "Image": "https://assets.shop.loblaws.ca/products/21240975/b1/en/front/21240975_front_a01_@2.png", "Brand": "McCafe", "Url": "https://www.maxi.ca/premium-medium-dark-roast-k-cup-coffee-pods-30-cou/p/21240975_EA", "Sub Category": null, "English Name": "Premium Medium Dark Roast K-Cup Coffee Pods, 30 Count", "Size": "30 ea", "Size Label": "ea"}, {"Category": "Coffee", "Aisle": "Drinks", "Sku": "21398286_EA", "Regular Price": "None", "Sale Price": "11.49", "Image": "https://assets.shop.loblaws.ca/products/21398286/b1/en/front/21398286_front_a01_@2.png", "Brand": "Starbucks", "Url": "https://www.maxi.ca/caff-verona-capsules-ground-coffee-for-nespresso-v/p/21398286_EA", "Sub Category": null, "English Name": "Caff\u00e8 Verona Capsules, Ground Coffee For Nespresso Vurtuo", "Size": "100 g", "Size Label": "ea"}, {"Category": "Coffee", "Aisle": "Drinks", "Sku": "20145032_EA", "Regular Price": "None", "Sale Price": "15.99", "Image": "https://assets.shop.loblaws.ca/products/20145032/b1/en/front/20145032_front_a01_@2.png", "Brand": "Nescafe", "Url": "https://www.maxi.ca/rich-instant-coffee/p/20145032_EA", "Sub Category": null, "English Name": "RICH Instant Coffee", "Size": "475 g", "Size Label": "ea"}, {"Category": "Coffee", "Aisle": "Drinks", "Sku": "21167584_EA", "Regular Price": "None", "Sale Price": "5.99", "Image": "https://assets.shop.loblaws.ca/products/21167584/b1/en/front/21167584_front_a01_@2.png", "Brand": "Tim Hortons", "Url": "https://www.maxi.ca/instant-coffee-medium/p/21167584_EA", "Sub Category": null, "English Name": "Instant Coffee, Medium", "Size": "100 g", "Size Label": "ea"}, {"Category": "Coffee", "Aisle": "Drinks", "Sku": "21180125_EA", "Regular Price": "None", "Sale Price": "4.00", "Image": "https://assets.shop.loblaws.ca/products/21180125/b1/en/front/21180125_front_a01_@2.png", "Brand": "No Name", "Url": "https://www.maxi.ca/instant-coffee/p/21180125_EA", "Sub Category": null, "English Name": "Instant Coffee", "Size": "150 g", "Size Label": "ea"}, {"Category": "Coffee", "Aisle": "Drinks", "Sku": "21241271_EA", "Regular Price": "None", "Sale Price": "8.49", "Image": "https://assets.shop.loblaws.ca/products/21241271/b1/en/front/21241271_front_a01_@2.png", "Brand": "Starbucks", "Url": "https://www.maxi.ca/by-nespresso-pike-place-roast-coffee-pods/p/21241271_EA", "Sub Category": null, "English Name": "By Nespresso Pike Place Roast Coffee Pods", "Size": "53 g", "Size Label": "ea"}, {"Category": "Coffee", "Aisle": "Drinks", "Sku": "20552968_EA", "Regular Price": "None", "Sale Price": "9.99", "Image": "https://assets.shop.loblaws.ca/products/20552968/b1/en/front/20552968_front_a01_@2.png", "Brand": "Tassimo", "Url": "https://www.maxi.ca/nabob-espresso-single-serve-t-discs/p/20552968_EA", "Sub Category": null, "English Name": "Nabob Espresso Single Serve T-Discs", "Size": "14 ea", "Size Label": "ea"}, {"Category": "Coffee", "Aisle": "Drinks", "Sku": "21013369_EA", "Regular Price": "None", "Sale Price": "9.99", "Image": "https://assets.shop.loblaws.ca/products/21013369/b1/en/front/21013369_front_a01_@2.png", "Brand": "Tim Hortons", "Url": "https://www.maxi.ca/hazelnut-coffee/p/21013369_EA", "Sub Category": null, "English Name": "Hazelnut Coffee", "Size": "300 g", "Size Label": "ea"}, {"Category": "Coffee", "Aisle": "Drinks", "Sku": "20804942_EA", "Regular Price": "None", "Sale Price": "8.99", "Image": "https://assets.shop.loblaws.ca/products/20804942/b1/en/front/20804942_front_a01_@2.png", "Brand": "President's Choice", "Url": "https://www.maxi.ca/hot-chocolate-mix-pods/p/20804942_EA", "Sub Category": null, "English Name": "Hot Chocolate Mix Pods", "Size": "12 ea", "Size Label": "ea"}, {"Category": "Coffee", "Aisle": "Drinks", "Sku": "21308076_EA", "Regular Price": "17.99", "Sale Price": "12.99", "Image": "https://assets.shop.loblaws.ca/products/21308076/b1/en/front/21308076_front_a01_@2.png", "Brand": "Maxwell House", "Url": "https://www.maxi.ca/original-roast-coffee-100-compostable-k-cup-coffee/p/21308076_EA", "Sub Category": null, "English Name": "Original Roast Coffee 100% Compostable K Cup Coffee Pods", "Size": "285 g", "Size Label": "ea"}, {"Category": "Coffee", "Aisle": "Drinks", "Sku": "21167590_EA", "Regular Price": "None", "Sale Price": "5.99", "Image": "https://assets.shop.loblaws.ca/products/21167590/b1/en/front/21167590_front_a01_@2.png", "Brand": "Tim Hortons", "Url": "https://www.maxi.ca/instant-coffee-light/p/21167590_EA", "Sub Category": null, "English Name": "Instant Coffee, Light", "Size": "100 g", "Size Label": "ea"}, {"Category": "Coffee", "Aisle": "Drinks", "Sku": "20986028_EA", "Regular Price": "None", "Sale Price": "18.99", "Image": "https://assets.shop.loblaws.ca/products/20986028/b1/en/front/20986028_front_a01_@2.png", "Brand": "Tim Hortons", "Url": "https://www.maxi.ca/coffee-dark-roast/p/20986028_EA", "Sub Category": null, "English Name": "Coffee, Dark Roast", "Size": "875 g", "Size Label": "ea"}, {"Category": "Coffee", "Aisle": "Drinks", "Sku": "21393587_EA", "Regular Price": "None", "Sale Price": "5.00", "Image": "https://assets.shop.loblaws.ca/products/21393587/b1/en/front/21393587_front_a01_@2.png", "Brand": "No Name", "Url": "https://www.maxi.ca/medium-roast-coffee-pods/p/21393587_EA", "Sub Category": null, "English Name": "Medium Roast Coffee Pods", "Size": "114 g", "Size Label": "ea"}, {"Category": "Coffee", "Aisle": "Drinks", "Sku": "21239208_EA", "Regular Price": "None", "Sale Price": "34.99", "Image": "https://assets.shop.loblaws.ca/products/21239208/b1/en/front/21239208_front_a01_@2.png", "Brand": "Tim Hortons", "Url": "https://www.maxi.ca/dark-coffee/p/21239208_EA", "Sub Category": null, "English Name": "Dark Coffee", "Size": "48 ea", "Size Label": "ea"}, {"Category": "Coffee", "Aisle": "Drinks", "Sku": "21240796_EA", "Regular Price": "None", "Sale Price": "8.49", "Image": "https://assets.shop.loblaws.ca/products/21240796/b1/en/front/21240796_front_a01_@2.png", "Brand": "Starbucks", "Url": "https://www.maxi.ca/by-nespresso-espresso-roast-nespresso-coffee-capsu/p/21240796_EA", "Sub Category": null, "English Name": "By Nespresso Espresso Roast Nespresso Coffee Capsules 10 Nespresso Coffee Pods", "Size": "57 g", "Size Label": "ea"}, {"Category": "Coffee", "Aisle": "Drinks", "Sku": "21499074_EA", "Regular Price": "None", "Sale Price": "7.49", "Image": "https://assets.shop.loblaws.ca/products/21499074/b1/en/front/21499074_front_a01_@2.png", "Brand": "Tim Hortons", "Url": "https://www.maxi.ca/ground-coffee-bold-espresso/p/21499074_EA", "Sub Category": null, "English Name": "Ground Coffee Bold Espresso", "Size": "10 ea", "Size Label": "ea"}, {"Category": "Coffee", "Aisle": "Drinks", "Sku": "21501027_EA", "Regular Price": "None", "Sale Price": "5.99", "Image": "https://assets.shop.loblaws.ca/products/21501027/b1/en/front/21501027_front_a01_@2.png", "Brand": "President's Choice", "Url": "https://www.maxi.ca/dark-roast-instant-microground-coffee/p/21501027_EA", "Sub Category": null, "English Name": "Dark Roast Instant & Microground Coffee", "Size": "100 g", "Size Label": "ea"}, {"Category": "Coffee", "Aisle": "Drinks", "Sku": "21004843_EA", "Regular Price": "None", "Sale Price": "12.49", "Image": "https://assets.shop.loblaws.ca/products/21004843/b1/en/front/21004843_front_a01_@2.png", "Brand": "Tim Hortons", "Url": "https://www.maxi.ca/k-cup-french-vanilla/p/21004843_EA", "Sub Category": null, "English Name": "K-Cup, French Vanilla", "Size": "126 g", "Size Label": "ea"}, {"Category": "Coffee", "Aisle": "Drinks", "Sku": "20379720002_EA", "Regular Price": "None", "Sale Price": "20.99", "Image": "https://assets.shop.loblaws.ca/products/20379720002/b1/en/front/20379720002_front_a01_@2.png", "Brand": "Van Houtte", "Url": "https://www.maxi.ca/mellow-moka-ground-coffee/p/20379720002_EA", "Sub Category": null, "English Name": "Mellow Moka Ground Coffee", "Size": "908 g", "Size Label": "ea"}, {"Category": "Coffee", "Aisle": "Drinks", "Sku": "21033681_EA", "Regular Price": "None", "Sale Price": "15.99", "Image": "https://assets.shop.loblaws.ca/products/21033681/b1/en/front/21033681_front_a01_@2.png", "Brand": "President's Choice", "Url": "https://www.maxi.ca/gourmet-medium-roast-single-serve-coffee-pods/p/21033681_EA", "Sub Category": null, "English Name": "Gourmet Medium Roast Single Serve Coffee Pods", "Size": "30 ea", "Size Label": "ea"}, {"Category": "Coffee", "Aisle": "Drinks", "Sku": "20416619003_EA", "Regular Price": "None", "Sale Price": "9.99", "Image": "https://assets.shop.loblaws.ca/products/20416619003/b1/en/front/20416619003_front_a01_@2.png", "Brand": "Folgers", "Url": "https://www.maxi.ca/vanilla-biscotti-k-cup-coffee-pods-12-count/p/20416619003_EA", "Sub Category": null, "English Name": "Vanilla Biscotti K-Cup Coffee Pods 12 Count", "Size": "12 ea", "Size Label": "ea"}, {"Category": "Coffee", "Aisle": "Drinks", "Sku": "21380579_EA", "Regular Price": "None", "Sale Price": "9.49", "Image": "https://assets.shop.loblaws.ca/products/21380579/b1/en/front/21380579_front_a01_@2.png", "Brand": "President's Choice", "Url": "https://www.maxi.ca/pc-colombian-supremo-single-origin-medium-roast-fi/p/21380579_EA", "Sub Category": null, "English Name": "PC\u00ae Colombian Supremo Single Origin Medium Roast Fine Grind Coffee", "Size": "340 g", "Size Label": "ea"}, {"Category": "Coffee", "Aisle": "Drinks", "Sku": "20975424_EA", "Regular Price": "None", "Sale Price": "9.99", "Image": "https://assets.shop.loblaws.ca/products/20975424/b1/en/front/20975424_front_a01_@2.png", "Brand": "Maxwell House", "Url": "https://www.maxi.ca/original-roast-coffee-100-compostable-k-cup-coffee/p/20975424_EA", "Sub Category": null, "English Name": "Original Roast Coffee 100% Compostable K Cup Coffee Pods", "Size": "114 g", "Size Label": "ea"}, {"Category": "Coffee", "Aisle": "Drinks", "Sku": "20811386_EA", "Regular Price": "None", "Sale Price": "19.99", "Image": "https://assets.shop.loblaws.ca/products/20811386/b1/en/front/20811386_front_a01_@2.png", "Brand": "Folgers", "Url": "https://www.maxi.ca/lively-colombian-k-cup-coffee-pods-30-count/p/20811386_EA", "Sub Category": null, "English Name": "Lively Colombian K-Cup Coffee Pods 30 Count", "Size": "30 ea", "Size Label": "ea"}, {"Category": "Coffee", "Aisle": "Drinks", "Sku": "20416619005_EA", "Regular Price": "None", "Sale Price": "9.99", "Image": "https://assets.shop.loblaws.ca/products/20416619005/b1/en/front/20416619005_front_a01_@2.png", "Brand": "Folgers", "Url": "https://www.maxi.ca/classic-roast-k-cup-coffee-pods-12-count/p/20416619005_EA", "Sub Category": null, "English Name": "Classic Roast K-Cup Coffee Pods 12 Count", "Size": "12 ea", "Size Label": "ea"}, {"Category": "Coffee", "Aisle": "Drinks", "Sku": "21500188_EA", "Regular Price": "None", "Sale Price": "5.99", "Image": "https://assets.shop.loblaws.ca/products/21500188/b1/en/front/21500188_front_a01_@2.png", "Brand": "President's Choice", "Url": "https://www.maxi.ca/medium-roast-instant-and-microground-coffee/p/21500188_EA", "Sub Category": null, "English Name": "Medium Roast Instant and Microground Coffee", "Size": "100 g", "Size Label": "ea"}, {"Category": "Coffee", "Aisle": "Drinks", "Sku": "21238495_EA", "Regular Price": "None", "Sale Price": "12.99", "Image": "https://assets.shop.loblaws.ca/products/21238495/b1/en/front/21238495_front_a01_@2.png", "Brand": "McCafe", "Url": "https://www.maxi.ca/premium-medium-dark-roast-ground-coffee/p/21238495_EA", "Sub Category": null, "English Name": "Premium Medium Dark Roast Ground Coffee", "Size": "340 g", "Size Label": "ea"}, {"Category": "Coffee", "Aisle": "Drinks", "Sku": "21007380_EA", "Regular Price": "None", "Sale Price": "17.99", "Image": "https://assets.shop.loblaws.ca/products/21007380/b1/en/front/21007380_front_a01_@2.png", "Brand": "Krispy Kreme", "Url": "https://www.maxi.ca/doughnuts-value-pack-light-roast-coffee-30-k-cup-p/p/21007380_EA", "Sub Category": null, "English Name": "Doughnuts Value Pack Light Roast Coffee 30 K-Cup Pods", "Size": "30 ea", "Size Label": "ea"}, {"Category": "Coffee", "Aisle": "Drinks", "Sku": "21540390_EA", "Regular Price": "None", "Sale Price": "4.99", "Image": "https://assets.shop.loblaws.ca/products/21540390/b1/en/front/21540390_front_a01_@2.png", "Brand": "Nescafe", "Url": "https://www.maxi.ca/rich-instant-coffee-caramel/p/21540390_EA", "Sub Category": null, "English Name": "Rich Instant Coffee, Caramel", "Size": "100 g", "Size Label": "ea"}, {"Category": "Coffee", "Aisle": "Drinks", "Sku": "20547343001_EA", "Regular Price": "None", "Sale Price": "12.99", "Image": "https://assets.shop.loblaws.ca/products/20547343001/b1/en/front/20547343001_front_a01_@2.png", "Brand": "Starbucks", "Url": "https://www.maxi.ca/pike-place-roast-medium-roast-ground-coffee-k-cup/p/20547343001_EA", "Sub Category": null, "English Name": "Pike Place Roast Medium Roast Ground Coffee K-Cup Pods", "Size": "10 ea", "Size Label": "ea"}, {"Category": "Coffee", "Aisle": "Drinks", "Sku": "21038677_EA", "Regular Price": "None", "Sale Price": "15.99", "Image": "https://assets.shop.loblaws.ca/products/21038677/b1/en/front/21038677_front_a01_@2.png", "Brand": "President's Choice", "Url": "https://www.maxi.ca/the-great-canadian-light-to-medium-roast-single-se/p/21038677_EA", "Sub Category": null, "English Name": "The Great Canadian Light to Medium Roast Single Serve Coffee Pods", "Size": "30 ea", "Size Label": "ea"}, {"Category": "Coffee", "Aisle": "Drinks", "Sku": "20026954001_EA", "Regular Price": "None", "Sale Price": "9.99", "Image": "https://assets.shop.loblaws.ca/products/20026954001/b1/en/front/20026954001_front_a01_@2.png", "Brand": "Tassimo", "Url": "https://www.maxi.ca/maxwell-house-house-blend-coffee-single-serve-t-di/p/20026954001_EA", "Sub Category": null, "English Name": "Maxwell House House Blend Coffee Single Serve T-Discs", "Size": "16 ea", "Size Label": "ea"}, {"Category": "Coffee", "Aisle": "Drinks", "Sku": "20585545_EA", "Regular Price": "None", "Sale Price": "8.99", "Image": "https://assets.shop.loblaws.ca/products/20585545/b1/en/front/20585545_front_a01_@2.png", "Brand": "President's Choice", "Url": "https://www.maxi.ca/the-great-canadian-light-to-medium-roast-single-se/p/20585545_EA", "Sub Category": null, "English Name": "The Great Canadian Light to Medium Roast Single Serve Coffee Pods", "Size": "12 ea", "Size Label": "ea"}, {"Category": "Coffee", "Aisle": "Drinks", "Sku": "21499826_EA", "Regular Price": "None", "Sale Price": "5.99", "Image": "https://assets.shop.loblaws.ca/products/21499826/b1/en/front/21499826_front_a01_@2.png", "Brand": "President's Choice", "Url": "https://www.maxi.ca/espresso-instant-coffee/p/21499826_EA", "Sub Category": null, "English Name": "Espresso Instant Coffee ", "Size": "100 g", "Size Label": "ea"}, {"Category": "Coffee", "Aisle": "Drinks", "Sku": "21074552_EA", "Regular Price": "None", "Sale Price": "8.49", "Image": "https://assets.shop.loblaws.ca/products/21074552/b1/en/front/21074552_front_a01_@2.png", "Brand": "Nescafe", "Url": "https://www.maxi.ca/gold-dark-roast-instant-and-roast-ground-coffee/p/21074552_EA", "Sub Category": null, "English Name": "Gold Dark Roast Instant and Roast & Ground Coffee", "Size": "100 g", "Size Label": "ea"}, {"Category": "Coffee", "Aisle": "Drinks", "Sku": "21038762_EA", "Regular Price": "None", "Sale Price": "15.99", "Image": "https://assets.shop.loblaws.ca/products/21038762/b1/en/front/21038762_front_a01_@2.png", "Brand": "President's Choice", "Url": "https://www.maxi.ca/gourmet-west-coast-dark-roast-single-serve-coffee/p/21038762_EA", "Sub Category": null, "English Name": "Gourmet West Coast Dark Roast Single Serve Coffee Pods", "Size": "30 ea", "Size Label": "ea"}, {"Category": "Coffee", "Aisle": "Drinks", "Sku": "20972495_EA", "Regular Price": "None", "Sale Price": "10.99", "Image": "https://assets.shop.loblaws.ca/products/20972495/b1/en/front/20972495_front_a01_@2.png", "Brand": "Van Houtte", "Url": "https://www.maxi.ca/belgian-chocolate-light-ground-coffee/p/20972495_EA", "Sub Category": null, "English Name": "Belgian Chocolate Light, Ground Coffee", "Size": "340 g", "Size Label": "ea"}, {"Category": "Coffee", "Aisle": "Drinks", "Sku": "21393594_EA", "Regular Price": "None", "Sale Price": "5.00", "Image": "https://assets.shop.loblaws.ca/products/21393594/b1/en/front/21393594_front_a01_@2.png", "Brand": "No Name", "Url": "https://www.maxi.ca/dark-roast-coffee-pods/p/21393594_EA", "Sub Category": null, "English Name": "Dark Roast Coffee Pods", "Size": "114 g", "Size Label": "ea"}, {"Category": "Coffee", "Aisle": "Drinks", "Sku": "21238498_EA", "Regular Price": "None", "Sale Price": "12.99", "Image": "https://assets.shop.loblaws.ca/products/21238498/b1/en/front/21238498_front_a01_@2.png", "Brand": "McCafe", "Url": "https://www.maxi.ca/decaf-premium-roast/p/21238498_EA", "Sub Category": null, "English Name": "Decaf Premium Roast    ", "Size": "340 g", "Size Label": "ea"}, {"Category": "Coffee", "Aisle": "Drinks", "Sku": "20559892_EA", "Regular Price": "None", "Sale Price": "9.99", "Image": "https://assets.shop.loblaws.ca/products/20559892/b1/en/front/20559892_front_a01_@2.png", "Brand": "President's Choice", "Url": "https://www.maxi.ca/the-great-canadian-light-to-medium-roast-tassimo-t/p/20559892_EA", "Sub Category": null, "English Name": "The Great Canadian Light to Medium Roast TASSIMO T DISCs", "Size": "14 ea", "Size Label": "ea"}, {"Category": "Coffee", "Aisle": "Drinks", "Sku": "20975425_EA", "Regular Price": "None", "Sale Price": "9.99", "Image": "https://assets.shop.loblaws.ca/products/20975425/b1/en/front/20975425_front_a01_@2.png", "Brand": "Maxwell House", "Url": "https://www.maxi.ca/dark-roast-coffee-100-compostable-k-cup-coffee-pod/p/20975425_EA", "Sub Category": null, "English Name": "Dark Roast Coffee 100% Compostable K Cup Coffee Pods", "Size": "117 g", "Size Label": "ea"}, {"Category": "Coffee", "Aisle": "Drinks", "Sku": "21501032_EA", "Regular Price": "None", "Sale Price": "5.99", "Image": "https://assets.shop.loblaws.ca/products/21501032/b1/en/front/21501032_front_a01_@2.png", "Brand": "President's Choice", "Url": "https://www.maxi.ca/light-roast-instant-coffee/p/21501032_EA", "Sub Category": null, "English Name": "Light Roast Instant Coffee", "Size": "100 g", "Size Label": "ea"}, {"Category": "Coffee", "Aisle": "Drinks", "Sku": "21393271_EA", "Regular Price": "None", "Sale Price": "15.99", "Image": "https://assets.shop.loblaws.ca/products/21393271/b1/en/front/21393271_front_a01_@2.png", "Brand": "President's Choice", "Url": "https://www.maxi.ca/pc-espresso-forte-whole-bean-coffee/p/21393271_EA", "Sub Category": null, "English Name": "PC\u00ae Espresso Forte Whole Bean Coffee", "Size": "907 g", "Size Label": "ea"}, {"Category": "Coffee", "Aisle": "Drinks", "Sku": "20379720003_EA", "Regular Price": "None", "Sale Price": "20.99", "Image": "https://assets.shop.loblaws.ca/products/20379720003/b1/en/front/20379720003_front_a01_@2.png", "Brand": "Van Houtte", "Url": "https://www.maxi.ca/original-house-blend-medium-roast/p/20379720003_EA", "Sub Category": null, "English Name": "Original House Blend, Medium Roast", "Size": "908 g", "Size Label": "ea"}, {"Category": "Coffee", "Aisle": "Drinks", "Sku": "21213472_EA", "Regular Price": "None", "Sale Price": "6.29", "Image": "https://assets.shop.loblaws.ca/products/21213472/b1/en/front/21213472_front_a01_@2.png", "Brand": "President's Choice", "Url": "https://www.maxi.ca/pc-espresso-aromatico-lungo-single-serve-coffee-ca/p/21213472_EA", "Sub Category": null, "English Name": "PC\u00ae Espresso Aromatico Lungo Single Serve Coffee Capsules", "Size": "10 ea", "Size Label": "ea"}, {"Category": "Coffee", "Aisle": "Drinks", "Sku": "21035959_EA", "Regular Price": "None", "Sale Price": "15.99", "Image": "https://assets.shop.loblaws.ca/products/21035959/b1/en/front/21035959_front_a01_@2.png", "Brand": "President's Choice", "Url": "https://www.maxi.ca/gourmet-swiss-water-process-decaffeinated-medium-r/p/21035959_EA", "Sub Category": null, "English Name": "Gourmet Swiss Water Process Decaffeinated Medium Roast Single Serve Coffee Pods", "Size": "30 ea", "Size Label": "ea"}, {"Category": "Coffee", "Aisle": "Drinks", "Sku": "21238598_EA", "Regular Price": "None", "Sale Price": "11.99", "Image": "https://assets.shop.loblaws.ca/products/21238598/b1/en/front/21238598_front_a01_@2.png", "Brand": "McCafe", "Url": "https://www.maxi.ca/premium-medium-dark-roast-k-cup-coffee-pods-12-cou/p/21238598_EA", "Sub Category": null, "English Name": "Premium Medium Dark Roast K-Cup Coffee Pods, 12 Count", "Size": "12 ea", "Size Label": "ea"}, {"Category": "Coffee", "Aisle": "Drinks", "Sku": "20902304_EA", "Regular Price": "None", "Sale Price": "9.99", "Image": "https://assets.shop.loblaws.ca/products/20902304/b1/en/front/20902304_front_a01_@2.png", "Brand": "Tim Hortons", "Url": "https://www.maxi.ca/fine-grain-coffee-decaffeinated/p/20902304_EA", "Sub Category": null, "English Name": "Fine Grain Coffee, Decaffeinated", "Size": "300 g", "Size Label": "ea"}, {"Category": "Coffee", "Aisle": "Drinks", "Sku": "21010129_EA", "Regular Price": "None", "Sale Price": "9.99", "Image": "https://assets.shop.loblaws.ca/products/21010129/b1/en/front/21010129_front_a01_@2.png", "Brand": "President's Choice", "Url": "https://www.maxi.ca/cappuccino-tassimo-t-discs/p/21010129_EA", "Sub Category": null, "English Name": "Cappuccino TASSIMO T DISCs", "Size": "8 ea", "Size Label": "ea"}, {"Category": "Coffee", "Aisle": "Drinks", "Sku": "21521456_EA", "Regular Price": "None", "Sale Price": "8.49", "Image": "https://assets.shop.loblaws.ca/products/21521456/b1/en/front/21521456_front_a01_@2.png", "Brand": "Nescafe", "Url": "https://www.maxi.ca/gold-smooth-instant-coffee/p/21521456_EA", "Sub Category": null, "English Name": "Gold Smooth Instant Coffee", "Size": "100 g", "Size Label": "ea"}, {"Category": "Coffee", "Aisle": "Drinks", "Sku": "21380594_EA", "Regular Price": "None", "Sale Price": "8.99", "Image": "https://assets.shop.loblaws.ca/products/21380594/b1/en/front/21380594_front_a01_@2.png", "Brand": "No Name", "Url": "https://www.maxi.ca/medium-roast-decaf-coffee/p/21380594_EA", "Sub Category": null, "English Name": "Medium Roast Decaf Coffee", "Size": "925 g", "Size Label": "ea"}, {"Category": "Coffee", "Aisle": "Drinks", "Sku": "21240799_EA", "Regular Price": "None", "Sale Price": "34.99", "Image": "https://assets.shop.loblaws.ca/products/21240799/b1/en/front/21240799_front_a01_@2.png", "Brand": "Tim Hortons", "Url": "https://www.maxi.ca/original-coffee/p/21240799_EA", "Sub Category": null, "English Name": "Original Coffee", "Size": "48 ea", "Size Label": "ea"}, {"Category": "Coffee", "Aisle": "Drinks", "Sku": "21498998_EA", "Regular Price": "None", "Sale Price": "7.49", "Image": "https://assets.shop.loblaws.ca/products/21498998/b1/en/front/21498998_front_a01_@2.png", "Brand": "Tim Hortons", "Url": "https://www.maxi.ca/ground-coffee-bright-espresso/p/21498998_EA", "Sub Category": null, "English Name": "Ground Coffee Bright Espresso", "Size": "10 ea", "Size Label": "ea"}, {"Category": "Drink Mixes", "Aisle": "Drinks", "Sku": "21040510_EA", "Regular Price": "None", "Sale Price": "1.99", "Image": "https://assets.shop.loblaws.ca/products/21040510/b1/en/front/21040510_front_a01_@2.png", "Brand": "No Name", "Url": "https://www.maxi.ca/evaporated-milk/p/21040510_EA", "Sub Category": null, "English Name": "Evaporated Milk", "Size": "354 ml", "Size Label": "ea"}, {"Category": "Drink Mixes", "Aisle": "Drinks", "Sku": "20112979_EA", "Regular Price": "None", "Sale Price": "2.79", "Image": "https://assets.shop.loblaws.ca/products/20112979/b1/en/front/20112979_front_a01_@2.png", "Brand": "President's Choice", "Url": "https://www.maxi.ca/sweetened-condensed-milk/p/20112979_EA", "Sub Category": null, "English Name": "Sweetened Condensed Milk", "Size": "300 ml", "Size Label": "ea"}, {"Category": "Drink Mixes", "Aisle": "Drinks", "Sku": "21378707_EA", "Regular Price": "None", "Sale Price": "1.69", "Image": "https://assets.shop.loblaws.ca/products/21378707/b1/en/front/21378707_front_a01_@2.png", "Brand": "Rooster", "Url": "https://www.maxi.ca/coconut-milk/p/21378707_EA", "Sub Category": null, "English Name": "Coconut Milk", "Size": "398 ml", "Size Label": "ea"}, {"Category": "Drink Mixes", "Aisle": "Drinks", "Sku": "20896887_EA", "Regular Price": "None", "Sale Price": "2.79", "Image": "https://assets.shop.loblaws.ca/products/20896887/b1/en/front/20896887_front_a01_@2.png", "Brand": "Carnation", "Url": "https://www.maxi.ca/evaporated-milk/p/20896887_EA", "Sub Category": null, "English Name": "Evaporated Milk", "Size": "354 ml", "Size Label": "ea"}, {"Category": "Drink Mixes", "Aisle": "Drinks", "Sku": "20312861001_EA", "Regular Price": "None", "Sale Price": "9.99", "Image": "https://assets.shop.loblaws.ca/products/20312861001/b1/en/front/20312861001_front_a01_@2.png", "Brand": "Maxwell House", "Url": "https://www.maxi.ca/original-roast-ground-coffee/p/20312861001_EA", "Sub Category": null, "English Name": "Original Roast Ground Coffee", "Size": "925 g", "Size Label": "ea"}, {"Category": "Drink Mixes", "Aisle": "Drinks", "Sku": "21040543_EA", "Regular Price": "None", "Sale Price": "1.99", "Image": "https://assets.shop.loblaws.ca/products/21040543/b1/en/front/21040543_front_a01_@2.png", "Brand": "No Name", "Url": "https://www.maxi.ca/2-evaporated-partly-skimmed-milk/p/21040543_EA", "Sub Category": null, "English Name": "2% Evaporated Partly Skimmed Milk", "Size": "354 ml", "Size Label": "ea"}, {"Category": "Drink Mixes", "Aisle": "Drinks", "Sku": "21012618_EA", "Regular Price": "None", "Sale Price": "3.99", "Image": "https://assets.shop.loblaws.ca/products/21012618/b1/en/front/21012618_front_a01_@2.png", "Brand": "Eagle Brand", "Url": "https://www.maxi.ca/brand-sweetened-condensed-milk/p/21012618_EA", "Sub Category": null, "English Name": "Brand Sweetened Condensed Milk", "Size": "300 ml", "Size Label": "ea"}, {"Category": "Drink Mixes", "Aisle": "Drinks", "Sku": "20663423_EA", "Regular Price": "None", "Sale Price": "2.99", "Image": "https://assets.shop.loblaws.ca/products/20663423/b1/en/front/20663423_front_a01_@2.png", "Brand": "MiO", "Url": "https://www.maxi.ca/lemonade-liquid-water-enhancer/p/20663423_EA", "Sub Category": null, "English Name": "Lemonade Liquid Water Enhancer", "Size": "48 ml", "Size Label": "ea"}, {"Category": "Drink Mixes", "Aisle": "Drinks", "Sku": "20320167002_EA", "Regular Price": "None", "Sale Price": "5.99", "Image": "https://assets.shop.loblaws.ca/products/20320167002/b1/en/front/20320167002_front_a01_@2.png", "Brand": "Nestl\u00e9", "Url": "https://www.maxi.ca/nesquik-chocolate-syrup/p/20320167002_EA", "Sub Category": null, "English Name": "Nesquik Chocolate Syrup", "Size": "700 ml", "Size Label": "ea"}, {"Category": "Drink Mixes", "Aisle": "Drinks", "Sku": "21308076_EA", "Regular Price": "17.99", "Sale Price": "12.99", "Image": "https://assets.shop.loblaws.ca/products/21308076/b1/en/front/21308076_front_a01_@2.png", "Brand": "Maxwell House", "Url": "https://www.maxi.ca/original-roast-coffee-100-compostable-k-cup-coffee/p/21308076_EA", "Sub Category": null, "English Name": "Original Roast Coffee 100% Compostable K Cup Coffee Pods", "Size": "285 g", "Size Label": "ea"}, {"Category": "Drink Mixes", "Aisle": "Drinks", "Sku": "20749494001_EA", "Regular Price": "None", "Sale Price": "2.99", "Image": "https://assets.shop.loblaws.ca/products/20749494001/b1/en/front/20749494001_front_a01_@2.png", "Brand": "Kool-Aid", "Url": "https://www.maxi.ca/grape-liquid-drink-mix/p/20749494001_EA", "Sub Category": null, "English Name": "Grape Liquid Drink Mix", "Size": "48 ml", "Size Label": "ea"}, {"Category": "Drink Mixes", "Aisle": "Drinks", "Sku": "20430788_EA", "Regular Price": "None", "Sale Price": "4.00", "Image": "https://assets.shop.loblaws.ca/products/20430788/b1/en/front/20430788_front_a01_@2.png", "Brand": "No Name", "Url": "https://www.maxi.ca/chocolate-syrup/p/20430788_EA", "Sub Category": null, "English Name": "Chocolate Syrup", "Size": "700 ml", "Size Label": "ea"}, {"Category": "Drink Mixes", "Aisle": "Drinks", "Sku": "20565119001_EA", "Regular Price": "None", "Sale Price": "2.99", "Image": "https://assets.shop.loblaws.ca/products/20565119001/b1/en/front/20565119001_front_a01_@2.png", "Brand": "MiO", "Url": "https://www.maxi.ca/fruit-punch-flavoured-liquid-water-enhancer/p/20565119001_EA", "Sub Category": null, "English Name": "Fruit Punch Flavoured Liquid Water Enhancer", "Size": "48 ml", "Size Label": "ea"}, {"Category": "Drink Mixes", "Aisle": "Drinks", "Sku": "20749494002_EA", "Regular Price": "None", "Sale Price": "2.99", "Image": "https://assets.shop.loblaws.ca/products/20749494002/b1/en/front/20749494002_front_a01_@2.png", "Brand": "Kool-Aid", "Url": "https://www.maxi.ca/cherry-liquid-drink-mix/p/20749494002_EA", "Sub Category": null, "English Name": "Cherry Liquid Drink Mix", "Size": "48 ml", "Size Label": "ea"}, {"Category": "Drink Mixes", "Aisle": "Drinks", "Sku": "20749494003_EA", "Regular Price": "None", "Sale Price": "2.99", "Image": "https://assets.shop.loblaws.ca/products/20749494003/b1/en/front/20749494003_front_a01_@2.png", "Brand": "Kool-Aid", "Url": "https://www.maxi.ca/tropical-punch-liquid-drink-mix/p/20749494003_EA", "Sub Category": null, "English Name": "Tropical Punch Liquid Drink Mix", "Size": "48 ml", "Size Label": "ea"}, {"Category": "Drink Mixes", "Aisle": "Drinks", "Sku": "20955642_EA", "Regular Price": "None", "Sale Price": "2.99", "Image": "https://assets.shop.loblaws.ca/products/20955642/b1/en/front/20955642_front_a01_@2.png", "Brand": "Tang", "Url": "https://www.maxi.ca/orange-liquid-drink-mix/p/20955642_EA", "Sub Category": null, "English Name": "Orange Liquid Drink Mix", "Size": "48 ml", "Size Label": "ea"}, {"Category": "Drink Mixes", "Aisle": "Drinks", "Sku": "20565353_EA", "Regular Price": "None", "Sale Price": "1.50", "Image": "https://assets.shop.loblaws.ca/products/20565353/b1/en/front/20565353_front_a01_@2.png", "Brand": "No Name", "Url": "https://www.maxi.ca/tomato-juice/p/20565353_EA", "Sub Category": null, "English Name": "Tomato Juice", "Size": "540 ml", "Size Label": "ea"}, {"Category": "Drink Mixes", "Aisle": "Drinks", "Sku": "20749494004_EA", "Regular Price": "None", "Sale Price": "2.99", "Image": "https://assets.shop.loblaws.ca/products/20749494004/b1/en/front/20749494004_front_a01_@2.png", "Brand": "Kool-Aid", "Url": "https://www.maxi.ca/orange-liquid-drink-mix/p/20749494004_EA", "Sub Category": null, "English Name": "Orange Liquid Drink Mix", "Size": "48 ml", "Size Label": "ea"}, {"Category": "Drink Mixes", "Aisle": "Drinks", "Sku": "20746192001_EA", "Regular Price": "None", "Sale Price": "2.99", "Image": "https://assets.shop.loblaws.ca/products/20746192001/b1/en/front/20746192001_front_a01_@2.png", "Brand": "MiO", "Url": "https://www.maxi.ca/cranberry-raspberry-liquid-water-enhancer/p/20746192001_EA", "Sub Category": null, "English Name": "Cranberry Raspberry Liquid Water Enhancer", "Size": "48 ml", "Size Label": "ea"}, {"Category": "Drink Mixes", "Aisle": "Drinks", "Sku": "20896812_EA", "Regular Price": "None", "Sale Price": "2.79", "Image": "https://assets.shop.loblaws.ca/products/20896812/b1/en/front/20896812_front_a01_@2.png", "Brand": "Carnation", "Url": "https://www.maxi.ca/2-evaporated-partly-skimmed-milk/p/20896812_EA", "Sub Category": null, "English Name": "2% Evaporated Partly Skimmed Milk", "Size": "354 ml", "Size Label": "ea"}, {"Category": "Drink Mixes", "Aisle": "Drinks", "Sku": "20565119004_EA", "Regular Price": "None", "Sale Price": "2.99", "Image": "https://assets.shop.loblaws.ca/products/20565119004/b1/en/front/20565119004_front_a01_@2.png", "Brand": "MiO", "Url": "https://www.maxi.ca/mango-peach-liquid-water-enhancer/p/20565119004_EA", "Sub Category": null, "English Name": "Mango Peach Liquid Water Enhancer", "Size": "48 ml", "Size Label": "ea"}, {"Category": "Drink Mixes", "Aisle": "Drinks", "Sku": "20746192003_EA", "Regular Price": "None", "Sale Price": "2.99", "Image": "https://assets.shop.loblaws.ca/products/20746192003/b1/en/front/20746192003_front_a01_@2.png", "Brand": "MiO", "Url": "https://www.maxi.ca/sport-orange-liquid-water-enhancer/p/20746192003_EA", "Sub Category": null, "English Name": "Sport Orange Liquid Water Enhancer", "Size": "48 ml", "Size Label": "ea"}, {"Category": "Drink Mixes", "Aisle": "Drinks", "Sku": "20139236002_EA", "Regular Price": "None", "Sale Price": "6.49", "Image": "https://assets.shop.loblaws.ca/products/20139236002/b1/en/front/20139236002_front_a01_@2.png", "Brand": "Nestl\u00e9", "Url": "https://www.maxi.ca/nesquik-chocolate-powder/p/20139236002_EA", "Sub Category": null, "English Name": "Nesquik Chocolate Powder", "Size": "540 g", "Size Label": "ea"}, {"Category": "Drink Mixes", "Aisle": "Drinks", "Sku": "21080969_EA", "Regular Price": "None", "Sale Price": "2.69", "Image": "https://assets.shop.loblaws.ca/products/21080969/b1/en/front/21080969_front_a01_@2.png", "Brand": "President's Choice", "Url": "https://www.maxi.ca/fruit-punch-liquid-water-enhancer/p/21080969_EA", "Sub Category": null, "English Name": "Fruit Punch Liquid Water Enhancer", "Size": "48 ml", "Size Label": "ea"}, {"Category": "Drink Mixes", "Aisle": "Drinks", "Sku": "20320167004_EA", "Regular Price": "None", "Sale Price": "5.99", "Image": "https://assets.shop.loblaws.ca/products/20320167004/b1/en/front/20320167004_front_a01_@2.png", "Brand": "Nestl\u00e9", "Url": "https://www.maxi.ca/nesquik-strawberry-syrup/p/20320167004_EA", "Sub Category": null, "English Name": "Nesquik Strawberry Syrup", "Size": "510 ml", "Size Label": "ea"}, {"Category": "Drink Mixes", "Aisle": "Drinks", "Sku": "21021895_EA", "Regular Price": "None", "Sale Price": "2.99", "Image": "https://assets.shop.loblaws.ca/products/21021895/b1/en/front/21021895_front_a01_@2.png", "Brand": "Kraft", "Url": "https://www.maxi.ca/grape-liquid-drink-mix/p/21021895_EA", "Sub Category": null, "English Name": "Grape Liquid Drink Mix", "Size": "48 ml", "Size Label": "ea"}, {"Category": "Drink Mixes", "Aisle": "Drinks", "Sku": "20955645_EA", "Regular Price": "None", "Sale Price": "2.99", "Image": "https://assets.shop.loblaws.ca/products/20955645/b1/en/front/20955645_front_a01_@2.png", "Brand": "Kool-Aid", "Url": "https://www.maxi.ca/watermelon-liquid-drink-mix/p/20955645_EA", "Sub Category": null, "English Name": "Watermelon Liquid Drink Mix", "Size": "48 ml", "Size Label": "ea"}, {"Category": "Drink Mixes", "Aisle": "Drinks", "Sku": "20316320001_EA", "Regular Price": "None", "Sale Price": "5.99", "Image": "https://assets.shop.loblaws.ca/products/20316320001/b1/en/front/20316320001_front_a01_@2.png", "Brand": "Nestl\u00e9", "Url": "https://www.maxi.ca/nesquik-less-sugar-chocolate-syrup/p/20316320001_EA", "Sub Category": null, "English Name": "Nesquik Less Sugar Chocolate Syrup", "Size": "510 ml", "Size Label": "ea"}, {"Category": "Drink Mixes", "Aisle": "Drinks", "Sku": "20119655_EA", "Regular Price": "None", "Sale Price": "8.29", "Image": "https://assets.shop.loblaws.ca/products/20119655/b1/en/front/20119655_front_a01_@2.png", "Brand": "No Name", "Url": "https://www.maxi.ca/pasteurized-instant-skim-milk-powder/p/20119655_EA", "Sub Category": null, "English Name": "Pasteurized Instant Skim Milk Powder", "Size": "500 g", "Size Label": "ea"}, {"Category": "Drink Mixes", "Aisle": "Drinks", "Sku": "21021981_EA", "Regular Price": "None", "Sale Price": "2.99", "Image": "https://assets.shop.loblaws.ca/products/21021981/b1/en/front/21021981_front_a01_@2.png", "Brand": "Kraft", "Url": "https://www.maxi.ca/pineapple-orange-liquid-drink-mix/p/21021981_EA", "Sub Category": null, "English Name": "Pineapple Orange Liquid Drink Mix", "Size": "48 ml", "Size Label": "ea"}, {"Category": "Drink Mixes", "Aisle": "Drinks", "Sku": "21386703_EA", "Regular Price": "None", "Sale Price": "1.99", "Image": "https://assets.shop.loblaws.ca/products/21386703/b1/en/front/21386703_front_a01_@2.png", "Brand": "President's Choice", "Url": "https://www.maxi.ca/plant-based-evaporated-coconut-milk/p/21386703_EA", "Sub Category": null, "English Name": "Plant Based Evaporated Coconut Milk", "Size": "400 ml", "Size Label": "ea"}, {"Category": "Drink Mixes", "Aisle": "Drinks", "Sku": "21386697_EA", "Regular Price": "None", "Sale Price": "2.79", "Image": "https://assets.shop.loblaws.ca/products/21386697/b1/en/front/21386697_front_a01_@2.png", "Brand": "President's Choice", "Url": "https://www.maxi.ca/plant-based-sweetened-condensed-coconut-milk/p/21386697_EA", "Sub Category": null, "English Name": "Plant Based Sweetened Condensed Coconut Milk", "Size": "250 ml", "Size Label": "ea"}, {"Category": "Drink Mixes", "Aisle": "Drinks", "Sku": "20432372_EA", "Regular Price": "None", "Sale Price": "11.99", "Image": "https://assets.shop.loblaws.ca/products/20432372/b1/en/front/20432372_front_a01_@2.png", "Brand": "No Name", "Url": "https://www.maxi.ca/chocolate-syrup/p/20432372_EA", "Sub Category": null, "English Name": "Chocolate Syrup", "Size": "2 l", "Size Label": "ea"}, {"Category": "Drink Mixes", "Aisle": "Drinks", "Sku": "21012627_EA", "Regular Price": "None", "Sale Price": "3.99", "Image": "https://assets.shop.loblaws.ca/products/21012627/b1/en/front/21012627_front_a01_@2.png", "Brand": "Eagle Brand", "Url": "https://www.maxi.ca/brand-dulce-de-leche-sweetened-condensed-milk/p/21012627_EA", "Sub Category": null, "English Name": "Brand Dulce De Leche Sweetened Condensed Milk", "Size": "300 ml", "Size Label": "ea"}, {"Category": "Drink Mixes", "Aisle": "Drinks", "Sku": "21012967_EA", "Regular Price": "None", "Sale Price": "3.99", "Image": "https://assets.shop.loblaws.ca/products/21012967/b1/en/front/21012967_front_a01_@2.png", "Brand": "Eagle Brand", "Url": "https://www.maxi.ca/brand-low-fat-sweetened-condensed-milk/p/21012967_EA", "Sub Category": null, "English Name": "Brand Low Fat Sweetened Condensed Milk", "Size": "300 ml", "Size Label": "ea"}, {"Category": "Drink Mixes", "Aisle": "Drinks", "Sku": "20135513_EA", "Regular Price": "None", "Sale Price": "4.69", "Image": "https://assets.shop.loblaws.ca/products/20135513/b1/en/front/20135513_front_a01_@2.png", "Brand": "Grand Pre", "Url": "https://www.maxi.ca/1-uht-milk/p/20135513_EA", "Sub Category": null, "English Name": "1% UHT Milk", "Size": "1 l", "Size Label": "ea"}, {"Category": "Drink Mixes", "Aisle": "Drinks", "Sku": "20998906_EA", "Regular Price": "None", "Sale Price": "12.99", "Image": "https://assets.shop.loblaws.ca/products/20998906/b1/en/front/20998906_front_a01_@2.png", "Brand": "Nestl\u00e9", "Url": "https://www.maxi.ca/nesquik-chocolate-syrup/p/20998906_EA", "Sub Category": null, "English Name": "Nesquik Chocolate Syrup", "Size": "1.4 l", "Size Label": "ea"}, {"Category": "Drink Mixes", "Aisle": "Drinks", "Sku": "21285296_EA", "Regular Price": "None", "Sale Price": "4.00", "Image": "https://assets.shop.loblaws.ca/products/21285296/b1/en/front/21285296_front_a01_@2.png", "Brand": "No Name", "Url": "https://www.maxi.ca/strawberry-syrup/p/21285296_EA", "Sub Category": null, "English Name": "STRAWBERRY SYRUP", "Size": "510 ml", "Size Label": "ea"}, {"Category": "Drink Mixes", "Aisle": "Drinks", "Sku": "20085214_EA", "Regular Price": "None", "Sale Price": "4.69", "Image": "https://assets.shop.loblaws.ca/products/20085214/b1/en/front/20085214_front_a01_@2.png", "Brand": "Grand Pre", "Url": "https://www.maxi.ca/2-milk/p/20085214_EA", "Sub Category": null, "English Name": "2% Milk", "Size": "1 l", "Size Label": "ea"}, {"Category": "Drink Mixes", "Aisle": "Drinks", "Sku": "20896741_EA", "Regular Price": "None", "Sale Price": "2.79", "Image": "https://assets.shop.loblaws.ca/products/20896741/b1/en/front/20896741_front_a01_@2.png", "Brand": "Carnation", "Url": "https://www.maxi.ca/fat-free-evaporated-skim-milk/p/20896741_EA", "Sub Category": null, "English Name": "Fat Free Evaporated Skim Milk", "Size": "354 ml", "Size Label": "ea"}, {"Category": "Drink Mixes", "Aisle": "Drinks", "Sku": "20052038_EA", "Regular Price": "None", "Sale Price": "27.29", "Image": "https://assets.shop.loblaws.ca/products/20052038/b1/en/front/20052038_front_a01_@2.png", "Brand": "No Name", "Url": "https://www.maxi.ca/pasteurized-instant-skim-milk-powder/p/20052038_EA", "Sub Category": null, "English Name": "Pasteurized Instant Skim Milk Powder", "Size": "2.5 kg", "Size Label": "ea"}, {"Category": "Drink Mixes", "Aisle": "Drinks", "Sku": "20009555_EA", "Regular Price": "None", "Sale Price": "10.99", "Image": "https://assets.shop.loblaws.ca/products/20009555/b1/en/front/20009555_front_a01_@2.png", "Brand": "Carnation", "Url": "https://www.maxi.ca/fat-free-instant-skim-milk-powder/p/20009555_EA", "Sub Category": null, "English Name": "Fat Free Instant Skim Milk Powder", "Size": "500 g", "Size Label": "ea"}, {"Category": "Juice", "Aisle": "Drinks", "Sku": "21531644_EA", "Regular Price": "None", "Sale Price": "5.29", "Image": "https://assets.shop.loblaws.ca/products/21531644/b1/en/front/21531644_front_a01_@2.png", "Brand": "President's Choice", "Url": "https://www.maxi.ca/pulp-free-orange-juice/p/21531644_EA", "Sub Category": null, "English Name": "Pulp Free Orange Juice", "Size": "2.5 l", "Size Label": "ea"}, {"Category": "Juice", "Aisle": "Drinks", "Sku": "21430531_EA", "Regular Price": "None", "Sale Price": "3.99", "Image": "https://assets.shop.loblaws.ca/products/21430531/b1/en/front/21430531_front_a01_@2.png", "Brand": "President's Choice", "Url": "https://www.maxi.ca/pulp-free-orange-juice/p/21430531_EA", "Sub Category": null, "English Name": "Pulp Free Orange Juice", "Size": "1.54 l", "Size Label": "ea"}, {"Category": "Juice", "Aisle": "Drinks", "Sku": "20336722001_EA", "Regular Price": "None", "Sale Price": "1.29", "Image": "https://assets.shop.loblaws.ca/products/20336722001/b1/en/front/20336722001_front_a01_@2.png", "Brand": "Oasis", "Url": "https://www.maxi.ca/apple-juice/p/20336722001_EA", "Sub Category": null, "English Name": "Apple Juice", "Size": "960 ml", "Size Label": "ea"}, {"Category": "Juice", "Aisle": "Drinks", "Sku": "20336722005_EA", "Regular Price": "None", "Sale Price": "1.29", "Image": "https://assets.shop.loblaws.ca/products/20336722005/b1/en/front/20336722005_front_a01_@2.png", "Brand": "Oasis", "Url": "https://www.maxi.ca/orange-pure-breakfast-juice/p/20336722005_EA", "Sub Category": null, "English Name": "Orange Pure\u00a0Breakfast Juice", "Size": "960 ml", "Size Label": "ea"}, {"Category": "Juice", "Aisle": "Drinks", "Sku": "20312861001_EA", "Regular Price": "None", "Sale Price": "9.99", "Image": "https://assets.shop.loblaws.ca/products/20312861001/b1/en/front/20312861001_front_a01_@2.png", "Brand": "Maxwell House", "Url": "https://www.maxi.ca/original-roast-ground-coffee/p/20312861001_EA", "Sub Category": null, "English Name": "Original Roast Ground Coffee", "Size": "925 g", "Size Label": "ea"}, {"Category": "Juice", "Aisle": "Drinks", "Sku": "20336722014_EA", "Regular Price": "None", "Sale Price": "1.29", "Image": "https://assets.shop.loblaws.ca/products/20336722014/b1/en/front/20336722014_front_a01_@2.png", "Brand": "Oasis", "Url": "https://www.maxi.ca/tropical-passion-fruit-juice/p/20336722014_EA", "Sub Category": null, "English Name": "Tropical Passion Fruit Juice", "Size": "960 ml", "Size Label": "ea"}, {"Category": "Juice", "Aisle": "Drinks", "Sku": "20119756001_EA", "Regular Price": "None", "Sale Price": "7.29", "Image": "https://assets.shop.loblaws.ca/products/20119756001/b1/en/front/20119756001_front_a01_@2.png", "Brand": "Tropicana", "Url": "https://www.maxi.ca/pure-premium-orange-juice-pulp-free/p/20119756001_EA", "Sub Category": null, "English Name": "Pure Premium Orange Juice (Pulp Free)", "Size": "2.63 l", "Size Label": "ea"}, {"Category": "Juice", "Aisle": "Drinks", "Sku": "20151025001_EA", "Regular Price": "None", "Sale Price": "6.29", "Image": "https://assets.shop.loblaws.ca/products/20151025001/b1/en/front/20151025001_front_a01_@2.png", "Brand": "Simply", "Url": "https://www.maxi.ca/pulp-free-orange-juice/p/20151025001_EA", "Sub Category": null, "English Name": "Pulp Free Orange Juice", "Size": "2.63 l", "Size Label": "ea"}, {"Category": "Juice", "Aisle": "Drinks", "Sku": "20894117004_EA", "Regular Price": "None", "Sale Price": "1.99", "Image": "https://assets.shop.loblaws.ca/products/20894117004/b1/en/front/20894117004_front_a01_@2.png", "Brand": "Del Monte", "Url": "https://www.maxi.ca/mango-nectar/p/20894117004_EA", "Sub Category": null, "English Name": "Mango Nectar", "Size": "960 ml", "Size Label": "ea"}, {"Category": "Juice", "Aisle": "Drinks", "Sku": "21308076_EA", "Regular Price": "17.99", "Sale Price": "12.99", "Image": "https://assets.shop.loblaws.ca/products/21308076/b1/en/front/21308076_front_a01_@2.png", "Brand": "Maxwell House", "Url": "https://www.maxi.ca/original-roast-coffee-100-compostable-k-cup-coffee/p/21308076_EA", "Sub Category": null, "English Name": "Original Roast Coffee 100% Compostable K Cup Coffee Pods", "Size": "285 g", "Size Label": "ea"}, {"Category": "Juice", "Aisle": "Drinks", "Sku": "21531646_EA", "Regular Price": "None", "Sale Price": "5.29", "Image": "https://assets.shop.loblaws.ca/products/21531646/b1/en/front/21531646_front_a01_@2.png", "Brand": "President's Choice", "Url": "https://www.maxi.ca/orange-juice-with-pulp/p/21531646_EA", "Sub Category": null, "English Name": "Orange Juice with Pulp", "Size": "2.5 l", "Size Label": "ea"}, {"Category": "Juice", "Aisle": "Drinks", "Sku": "21209836_EA", "Regular Price": "None", "Sale Price": "5.49", "Image": "https://assets.shop.loblaws.ca/products/21209836/b1/en/front/21209836_front_a01_@2.png", "Brand": "Tropicana", "Url": "https://www.maxi.ca/orange-juice-no-pulp/p/21209836_EA", "Sub Category": null, "English Name": "Orange Juice No Pulp\u00a0", "Size": "1.54 l", "Size Label": "ea"}, {"Category": "Juice", "Aisle": "Drinks", "Sku": "20336722004_EA", "Regular Price": "None", "Sale Price": "1.99", "Image": "https://assets.shop.loblaws.ca/products/20336722004/b1/en/front/20336722004_front_a01_@2.png", "Brand": "Oasis", "Url": "https://www.maxi.ca/apple-grape-juice/p/20336722004_EA", "Sub Category": null, "English Name": "Apple Grape Juice", "Size": "960 ml", "Size Label": "ea"}, {"Category": "Juice", "Aisle": "Drinks", "Sku": "21004477_EA", "Regular Price": "None", "Sale Price": "1.29", "Image": "https://assets.shop.loblaws.ca/products/21004477/b1/en/front/21004477_front_a01_@2.png", "Brand": "Oasis", "Url": "https://www.maxi.ca/fruit-fusion-fruit-juice/p/21004477_EA", "Sub Category": null, "English Name": "Fruit Fusion\u00a0Fruit Juice", "Size": "960 ml", "Size Label": "ea"}, {"Category": "Juice", "Aisle": "Drinks", "Sku": "20336722008_EA", "Regular Price": "None", "Sale Price": "1.29", "Image": "https://assets.shop.loblaws.ca/products/20336722008/b1/en/front/20336722008_front_a01_@2.png", "Brand": "Oasis", "Url": "https://www.maxi.ca/pineapple-juice/p/20336722008_EA", "Sub Category": null, "English Name": "Pineapple Juice", "Size": "960 ml", "Size Label": "ea"}, {"Category": "Juice", "Aisle": "Drinks", "Sku": "20943966_EA", "Regular Price": "None", "Sale Price": "1.29", "Image": "https://assets.shop.loblaws.ca/products/20943966/b1/en/front/20943966_front_a01_@2.png", "Brand": "Oasis", "Url": "https://www.maxi.ca/watermelon-apple-fruit-juice/p/20943966_EA", "Sub Category": null, "English Name": "Watermelon Apple\u00a0Fruit Juice", "Size": "960 ml", "Size Label": "ea"}, {"Category": "Juice", "Aisle": "Drinks", "Sku": "21531649_EA", "Regular Price": "None", "Sale Price": "5.29", "Image": "https://assets.shop.loblaws.ca/products/21531649/b1/en/front/21531649_front_a01_@2.png", "Brand": "PC Blue Menu", "Url": "https://www.maxi.ca/blue-menu-pulp-free-orange-juice/p/21531649_EA", "Sub Category": null, "English Name": "Blue Menu Pulp Free Orange Juice", "Size": "2.5 l", "Size Label": "ea"}, {"Category": "Juice", "Aisle": "Drinks", "Sku": "21362122_EA", "Regular Price": "None", "Sale Price": "4.99", "Image": "https://assets.shop.loblaws.ca/products/21362122/b1/en/front/21362122_front_a01_@2.png", "Brand": "Del Monte", "Url": "https://www.maxi.ca/orange-juice-without-pulp/p/21362122_EA", "Sub Category": null, "English Name": "Orange Juice Without Pulp", "Size": "2.5 l", "Size Label": "ea"}, {"Category": "Juice", "Aisle": "Drinks", "Sku": "21430539_EA", "Regular Price": "None", "Sale Price": "3.99", "Image": "https://assets.shop.loblaws.ca/products/21430539/b1/en/front/21430539_front_a01_@2.png", "Brand": "President's Choice", "Url": "https://www.maxi.ca/orange-juice-with-pulp/p/21430539_EA", "Sub Category": null, "English Name": "Orange Juice with Pulp", "Size": "1.54 l", "Size Label": "ea"}, {"Category": "Juice", "Aisle": "Drinks", "Sku": "20348331004_EA", "Regular Price": "None", "Sale Price": "2.69", "Image": "https://assets.shop.loblaws.ca/products/20348331004/b1/en/front/20348331004_front_a01_@2.png", "Brand": "Nestea", "Url": "https://www.maxi.ca/lemon-tea-gable-top-carton/p/20348331004_EA", "Sub Category": null, "English Name": "Lemon Tea, Gable Top Carton", "Size": "1.75 l", "Size Label": "ea"}, {"Category": "Juice", "Aisle": "Drinks", "Sku": "20081313_EA", "Regular Price": "None", "Sale Price": "3.49", "Image": "https://assets.shop.loblaws.ca/products/20081313/b1/en/front/20081313_front_a01_@2.png", "Brand": "Real Lemon", "Url": "https://www.maxi.ca/single-strength-lemon-juice/p/20081313_EA", "Sub Category": null, "English Name": "Single Strength Lemon Juice", "Size": "945 ml", "Size Label": "ea"}, {"Category": "Juice", "Aisle": "Drinks", "Sku": "20148160_EA", "Regular Price": "None", "Sale Price": "3.49", "Image": "https://assets.shop.loblaws.ca/products/20148160/b1/en/front/20148160_front_a01_@2.png", "Brand": "No Name", "Url": "https://www.maxi.ca/orange-juice-pulp-free/p/20148160_EA", "Sub Category": null, "English Name": "Orange Juice, Pulp Free", "Size": "1.75 l", "Size Label": "ea"}, {"Category": "Juice", "Aisle": "Drinks", "Sku": "20298903001_EA", "Regular Price": "None", "Sale Price": "1.29", "Image": "https://assets.shop.loblaws.ca/products/20298903001/b1/en/front/20298903001_front_a01_@2.png", "Brand": "Real Lemon", "Url": "https://www.maxi.ca/single-strength-lemon-juice/p/20298903001_EA", "Sub Category": null, "English Name": "Single Strength Lemon Juice", "Size": "125 ml", "Size Label": "ea"}, {"Category": "Juice", "Aisle": "Drinks", "Sku": "20642581_EA", "Regular Price": "None", "Sale Price": "2.00", "Image": "https://assets.shop.loblaws.ca/products/20642581/b1/en/front/20642581_front_a01_@2.png", "Brand": "No Name", "Url": "https://www.maxi.ca/lemon-juice/p/20642581_EA", "Sub Category": null, "English Name": "Lemon Juice", "Size": "946 ml", "Size Label": "ea"}, {"Category": "Juice", "Aisle": "Drinks", "Sku": "20087458_EA", "Regular Price": "None", "Sale Price": "1.39", "Image": "https://assets.shop.loblaws.ca/products/20087458/b1/en/front/20087458_front_a01_@2.png", "Brand": "No Name", "Url": "https://www.maxi.ca/apple-juice-from-concentrate/p/20087458_EA", "Sub Category": null, "English Name": "Apple Juice from Concentrate", "Size": "1 l", "Size Label": "ea"}, {"Category": "Juice", "Aisle": "Drinks", "Sku": "20347440001_EA", "Regular Price": "None", "Sale Price": "2.69", "Image": "https://assets.shop.loblaws.ca/products/20347440001/b1/en/front/20347440001_front_a01_@2.png", "Brand": "Fruitopia", "Url": "https://www.maxi.ca/strawberry-passion-awareness-fruit-beverage/p/20347440001_EA", "Sub Category": null, "English Name": "Strawberry Passion Awareness Fruit Beverage", "Size": "1.75 l", "Size Label": "ea"}, {"Category": "Juice", "Aisle": "Drinks", "Sku": "20318955002_EA", "Regular Price": "None", "Sale Price": "3.99", "Image": "https://assets.shop.loblaws.ca/products/20318955002/b1/en/front/20318955002_front_a01_@2.png", "Brand": "Mott's", "Url": "https://www.maxi.ca/clamato-original/p/20318955002_EA", "Sub Category": null, "English Name": "Clamato, Original", "Size": "1.89 l", "Size Label": "ea"}, {"Category": "Juice", "Aisle": "Drinks", "Sku": "20151025002_EA", "Regular Price": "None", "Sale Price": "6.29", "Image": "https://assets.shop.loblaws.ca/products/20151025002/b1/en/front/20151025002_front_a01_@2.png", "Brand": "Simply", "Url": "https://www.maxi.ca/with-pulp-orange-juice/p/20151025002_EA", "Sub Category": null, "English Name": "With Pulp Orange Juice", "Size": "2.63 l", "Size Label": "ea"}, {"Category": "Juice", "Aisle": "Drinks", "Sku": "20531313_EA", "Regular Price": "None", "Sale Price": "3.29", "Image": "https://assets.shop.loblaws.ca/products/20531313/b1/en/front/20531313_front_a01_@2.png", "Brand": "President's Choice", "Url": "https://www.maxi.ca/100-apple-juice/p/20531313_EA", "Sub Category": null, "English Name": "100% Apple Juice", "Size": "1.89 l", "Size Label": "ea"}, {"Category": "Juice", "Aisle": "Drinks", "Sku": "20119756003_EA", "Regular Price": "None", "Sale Price": "7.29", "Image": "https://assets.shop.loblaws.ca/products/20119756003/b1/en/front/20119756003_front_a01_@2.png", "Brand": "Tropicana", "Url": "https://www.maxi.ca/pure-premium-homestyle-some-pulp/p/20119756003_EA", "Sub Category": null, "English Name": "Pure Premium Homestyle (Some Pulp)", "Size": "2.63 l", "Size Label": "ea"}, {"Category": "Juice", "Aisle": "Drinks", "Sku": "21092667_EA", "Regular Price": "None", "Sale Price": "3.99", "Image": "https://assets.shop.loblaws.ca/products/21092667/b1/en/front/21092667_front_a01_@2.png", "Brand": "Minute Maid", "Url": "https://www.maxi.ca/100-apple-juice-from-concentrate-8-pack/p/21092667_EA", "Sub Category": null, "English Name": "100% Apple Juice From Concentrate, 8 Pack", "Size": "8x200.0 ml", "Size Label": "ea"}, {"Category": "Juice", "Aisle": "Drinks", "Sku": "20297564002_EA", "Regular Price": "None", "Sale Price": "2.49", "Image": "https://assets.shop.loblaws.ca/products/20297564002/b1/en/front/20297564002_front_a01_@2.png", "Brand": "V8", "Url": "https://www.maxi.ca/vegetable-cocktail/p/20297564002_EA", "Sub Category": null, "English Name": "Vegetable Cocktail", "Size": "6x156.0 ml", "Size Label": "ea"}, {"Category": "Juice", "Aisle": "Drinks", "Sku": "20320979_EA", "Regular Price": "None", "Sale Price": "1.39", "Image": "https://assets.shop.loblaws.ca/products/20320979/b1/en/front/20320979_front_a01_@2.png", "Brand": "No Name", "Url": "https://www.maxi.ca/unsweetened-orange-juice-from-concentrate/p/20320979_EA", "Sub Category": null, "English Name": "Unsweetened Orange Juice from Concentrate", "Size": "1 l", "Size Label": "ea"}, {"Category": "Juice", "Aisle": "Drinks", "Sku": "20079976006_EA", "Regular Price": "2.79", "Sale Price": "2.49", "Image": "https://assets.shop.loblaws.ca/products/20079976006/b1/en/front/20079976006_front_a01_@2.png", "Brand": "Kool-Aid", "Url": "https://www.maxi.ca/jammers-blue-raspberry/p/20079976006_EA", "Sub Category": null, "English Name": "Jammers, Blue Raspberry", "Size": "10x180.0 ml", "Size Label": "ea"}, {"Category": "Juice", "Aisle": "Drinks", "Sku": "21086068_EA", "Regular Price": "None", "Sale Price": "5.49", "Image": "https://assets.shop.loblaws.ca/products/21086068/b1/en/front/21086068_front_a01_@2.png", "Brand": "Simply", "Url": "https://www.maxi.ca/pulp-free-orange-juice-bottle/p/21086068_EA", "Sub Category": null, "English Name": "Pulp Free Orange Juice, Bottle", "Size": "1.54 l", "Size Label": "ea"}, {"Category": "Juice", "Aisle": "Drinks", "Sku": "20025557_EA", "Regular Price": "None", "Sale Price": "1.79", "Image": "https://assets.shop.loblaws.ca/products/20025557/b1/en/front/20025557_front_a01_@2.png", "Brand": "Heinz", "Url": "https://www.maxi.ca/tomato-juice/p/20025557_EA", "Sub Category": null, "English Name": "Tomato Juice", "Size": "540 ml", "Size Label": "ea"}, {"Category": "Juice", "Aisle": "Drinks", "Sku": "21215530_EA", "Regular Price": "None", "Sale Price": "8.49", "Image": "https://assets.shop.loblaws.ca/products/21215530/b1/en/front/21215530_front_a01_@2.png", "Brand": "Starbucks", "Url": "https://www.maxi.ca/medium-roast-iced-coffee/p/21215530_EA", "Sub Category": null, "English Name": "Medium Roast Iced Coffee", "Size": "1.42 l", "Size Label": "ea"}, {"Category": "Juice", "Aisle": "Drinks", "Sku": "21209835_EA", "Regular Price": "None", "Sale Price": "5.49", "Image": "https://assets.shop.loblaws.ca/products/21209835/b1/en/front/21209835_front_a01_@2.png", "Brand": "Tropicana", "Url": "https://www.maxi.ca/orange-juice-some-pulp/p/21209835_EA", "Sub Category": null, "English Name": "Orange Juice Some Pulp", "Size": "1.54 l", "Size Label": "ea"}, {"Category": "Juice", "Aisle": "Drinks", "Sku": "20347440004_EA", "Regular Price": "None", "Sale Price": "2.69", "Image": "https://assets.shop.loblaws.ca/products/20347440004/b1/en/front/20347440004_front_a01_@2.png", "Brand": "Fruitopia", "Url": "https://www.maxi.ca/blueberry-watermelon-wisdom-fruit-beverage/p/20347440004_EA", "Sub Category": null, "English Name": "Blueberry Watermelon Wisdom Fruit Beverage", "Size": "1.75 l", "Size Label": "ea"}, {"Category": "Juice", "Aisle": "Drinks", "Sku": "20300006008_EA", "Regular Price": "None", "Sale Price": "4.79", "Image": "https://assets.shop.loblaws.ca/products/20300006008/b1/en/front/20300006008_front_a01_@2.png", "Brand": "Ocean Spray", "Url": "https://www.maxi.ca/cranberry-cocktail/p/20300006008_EA", "Sub Category": null, "English Name": "Cranberry Cocktail", "Size": "1.89 l", "Size Label": "ea"}, {"Category": "Juice", "Aisle": "Drinks", "Sku": "20502536_C04", "Regular Price": "9.99", "Sale Price": "8.99", "Image": "https://assets.shop.loblaws.ca/products/20502536/b1/en/front/20502536_front_a01_@2.png", "Brand": "Guru", "Url": "https://www.maxi.ca/organic-energy-drink-natural-and-healthy-energy-be/p/20502536_C04", "Sub Category": null, "English Name": "Organic Energy Drink, Natural and Healthy Energy Beverage, 4 Pack", "Size": "4x250.0 ml", "Size Label": "pack of 4"}, {"Category": "Juice", "Aisle": "Drinks", "Sku": "20969308_EA", "Regular Price": "None", "Sale Price": "3.49", "Image": "https://assets.shop.loblaws.ca/products/20969308/b1/en/front/20969308_front_a01_@2.png", "Brand": "No Name", "Url": "https://www.maxi.ca/orange-juice-with-pulp/p/20969308_EA", "Sub Category": null, "English Name": "Orange Juice With Pulp", "Size": "1.75 l", "Size Label": "ea"}, {"Category": "Juice", "Aisle": "Drinks", "Sku": "20345605001_EA", "Regular Price": "None", "Sale Price": "4.89", "Image": "https://assets.shop.loblaws.ca/products/20345605001/b1/en/front/20345605001_front_a01_@2.png", "Brand": "Minute Maid", "Url": "https://www.maxi.ca/low-acid-100-orange-juice-nutri-pulp-free/p/20345605001_EA", "Sub Category": null, "English Name": "Low Acid 100% Orange Juice Nutri Pulp Free", "Size": "1.75 l", "Size Label": "ea"}, {"Category": "Juice", "Aisle": "Drinks", "Sku": "21529634_EA", "Regular Price": "None", "Sale Price": "2.79", "Image": "https://assets.shop.loblaws.ca/products/21529634/b1/en/front/21529634_front_a01_@2.png", "Brand": "Rubicon", "Url": "https://www.maxi.ca/juice-drink-aam-panna-green-mango/p/21529634_EA", "Sub Category": null, "English Name": "Juice Drink Aam Panna Green Mango", "Size": "1 l", "Size Label": "ea"}, {"Category": "Juice", "Aisle": "Drinks", "Sku": "20327042001_EA", "Regular Price": "None", "Sale Price": "3.99", "Image": "https://assets.shop.loblaws.ca/products/20327042001/b1/en/front/20327042001_front_a01_@2.png", "Brand": "Minute Maid", "Url": "https://www.maxi.ca/fruit-punch-juice-beverage-10-pack/p/20327042001_EA", "Sub Category": null, "English Name": "Fruit Punch Juice Beverage, 10 Pack", "Size": "10x200.0 ml", "Size Label": "ea"}, {"Category": "Juice", "Aisle": "Drinks", "Sku": "21102504_EA", "Regular Price": "None", "Sale Price": "3.29", "Image": "https://assets.shop.loblaws.ca/products/21102504/b1/en/front/21102504_front_a01_@2.png", "Brand": "Sunny Delight", "Url": "https://www.maxi.ca/tangy/p/21102504_EA", "Sub Category": null, "English Name": "Tangy", "Size": "1.89 l", "Size Label": "ea"}, {"Category": "Juice", "Aisle": "Drinks", "Sku": "20506849003_EA", "Regular Price": "3.49", "Sale Price": "2.99", "Image": "https://assets.shop.loblaws.ca/products/20506849003/b1/en/front/20506849003_front_a01_@2.png", "Brand": "President's Choice", "Url": "https://www.maxi.ca/original-tomato-clam-cocktail/p/20506849003_EA", "Sub Category": null, "English Name": "Original Tomato Clam Cocktail", "Size": "1.89 l", "Size Label": "ea"}, {"Category": "Juice", "Aisle": "Drinks", "Sku": "21215527_EA", "Regular Price": "None", "Sale Price": "8.49", "Image": "https://assets.shop.loblaws.ca/products/21215527/b1/en/front/21215527_front_a01_@2.png", "Brand": "Starbucks", "Url": "https://www.maxi.ca/blonde-roast-iced-coffee/p/21215527_EA", "Sub Category": null, "English Name": "Blonde Roast Iced Coffee", "Size": "1.42 l", "Size Label": "ea"}, {"Category": "Juice", "Aisle": "Drinks", "Sku": "20072285_EA", "Regular Price": "None", "Sale Price": "2.99", "Image": "https://assets.shop.loblaws.ca/products/20072285/b1/en/front/20072285_front_a01_@2.png", "Brand": "Realime", "Url": "https://www.maxi.ca/single-strength-lime-juice/p/20072285_EA", "Sub Category": null, "English Name": "Single Strength Lime Juice", "Size": "440 ml", "Size Label": "ea"}, {"Category": "Juice", "Aisle": "Drinks", "Sku": "20315764001_EA", "Regular Price": "None", "Sale Price": "3.49", "Image": "https://assets.shop.loblaws.ca/products/20315764001/b1/en/front/20315764001_front_a01_@2.png", "Brand": "Oasis", "Url": "https://www.maxi.ca/tropical-passion-fruit-juice/p/20315764001_EA", "Sub Category": null, "English Name": "Tropical Passion Fruit Juice", "Size": "8x200.0 ml", "Size Label": "ea"}, {"Category": "Juice", "Aisle": "Drinks", "Sku": "20991101_EA", "Regular Price": "None", "Sale Price": "4.49", "Image": "https://assets.shop.loblaws.ca/products/20991101/b1/en/front/20991101_front_a01_@2.png", "Brand": "Sunny Delight", "Url": "https://www.maxi.ca/tangy-original/p/20991101_EA", "Sub Category": null, "English Name": "Tangy Original", "Size": "6x240.0 ml", "Size Label": "ea"}, {"Category": "Juice", "Aisle": "Drinks", "Sku": "20348331001_EA", "Regular Price": "None", "Sale Price": "3.99", "Image": "https://assets.shop.loblaws.ca/products/20348331001/b1/en/front/20348331001_front_a01_@2.png", "Brand": "Five Alive", "Url": "https://www.maxi.ca/passionate-peach-citrus-juice/p/20348331001_EA", "Sub Category": null, "English Name": "Passionate Peach Citrus Juice", "Size": "1.75 l", "Size Label": "ea"}, {"Category": "Juice", "Aisle": "Drinks", "Sku": "20345605004_EA", "Regular Price": "None", "Sale Price": "4.29", "Image": "https://assets.shop.loblaws.ca/products/20345605004/b1/en/front/20345605004_front_a01_@2.png", "Brand": "Minute Maid", "Url": "https://www.maxi.ca/low-acid-100-orange-juice-from-concentrate-carton/p/20345605004_EA", "Sub Category": null, "English Name": "Low Acid 100% Orange Juice From Concentrate, Carton", "Size": "1.75 l", "Size Label": "ea"}, {"Category": "Juice", "Aisle": "Drinks", "Sku": "20109062_EA", "Regular Price": "None", "Sale Price": "2.19", "Image": "https://assets.shop.loblaws.ca/products/20109062/b1/en/front/20109062_front_a01_@2.png", "Brand": "Fruite", "Url": "https://www.maxi.ca/fruit-punch-drink/p/20109062_EA", "Sub Category": null, "English Name": "Fruit Punch Drink", "Size": "2 l", "Size Label": "ea"}, {"Category": "Juice", "Aisle": "Drinks", "Sku": "21529901_EA", "Regular Price": "None", "Sale Price": "3.99", "Image": "https://assets.shop.loblaws.ca/products/21529901/b1/en/front/21529901_front_a01_@2.png", "Brand": "Oasis", "Url": "https://www.maxi.ca/juice-orange-mango/p/21529901_EA", "Sub Category": null, "English Name": "Juice, Orange Mango", "Size": "1.6 l", "Size Label": "ea"}, {"Category": "Juice", "Aisle": "Drinks", "Sku": "21059326_EA", "Regular Price": "None", "Sale Price": "1.29", "Image": "https://assets.shop.loblaws.ca/products/21059326/b1/en/front/21059326_front_a01_@2.png", "Brand": "Oasis", "Url": "https://www.maxi.ca/ruby-red-grapefruit-juice/p/21059326_EA", "Sub Category": null, "English Name": "Ruby Red Grapefruit Juice", "Size": "960 ml", "Size Label": "ea"}, {"Category": "Juice", "Aisle": "Drinks", "Sku": "21086079_EA", "Regular Price": "None", "Sale Price": "5.49", "Image": "https://assets.shop.loblaws.ca/products/21086079/b1/en/front/21086079_front_a01_@2.png", "Brand": "Simply", "Url": "https://www.maxi.ca/lots-of-pulp-orange-juice-bottle/p/21086079_EA", "Sub Category": null, "English Name": "Lots of Pulp Orange Juice, Bottle", "Size": "1.54 l", "Size Label": "ea"}, {"Category": "Juice", "Aisle": "Drinks", "Sku": "20072285_EA", "Regular Price": "None", "Sale Price": "2.99", "Image": "https://assets.shop.loblaws.ca/products/20072285/b1/en/front/20072285_front_a01_@2.png", "Brand": "Realime", "Url": "https://www.maxi.ca/single-strength-lime-juice/p/20072285_EA", "Sub Category": null, "English Name": "Single Strength Lime Juice", "Size": "440 ml", "Size Label": "ea"}, {"Category": "Juice", "Aisle": "Drinks", "Sku": "20315764001_EA", "Regular Price": "None", "Sale Price": "3.49", "Image": "https://assets.shop.loblaws.ca/products/20315764001/b1/en/front/20315764001_front_a01_@2.png", "Brand": "Oasis", "Url": "https://www.maxi.ca/tropical-passion-fruit-juice/p/20315764001_EA", "Sub Category": null, "English Name": "Tropical Passion Fruit Juice", "Size": "8x200.0 ml", "Size Label": "ea"}, {"Category": "Juice", "Aisle": "Drinks", "Sku": "20327042001_EA", "Regular Price": "None", "Sale Price": "3.99", "Image": "https://assets.shop.loblaws.ca/products/20327042001/b1/en/front/20327042001_front_a01_@2.png", "Brand": "Minute Maid", "Url": "https://www.maxi.ca/fruit-punch-juice-beverage-10-pack/p/20327042001_EA", "Sub Category": null, "English Name": "Fruit Punch Juice Beverage, 10 Pack", "Size": "10x200.0 ml", "Size Label": "ea"}, {"Category": "Juice", "Aisle": "Drinks", "Sku": "21529899_EA", "Regular Price": "4.79", "Sale Price": "3.99", "Image": "https://assets.shop.loblaws.ca/products/21529899/b1/en/front/21529899_front_a01_@2.png", "Brand": "Oasis", "Url": "https://www.maxi.ca/berry-pomegranate-antioxidant-juice/p/21529899_EA", "Sub Category": null, "English Name": "Berry Pomegranate\u00a0Antioxidant Juice", "Size": "1.6 l", "Size Label": "ea"}, {"Category": "Juice", "Aisle": "Drinks", "Sku": "20860677_EA", "Regular Price": "None", "Sale Price": "2.00", "Image": "https://assets.shop.loblaws.ca/products/20860677/b1/en/front/20860677_front_a01_@2.png", "Brand": "No Name", "Url": "https://www.maxi.ca/iced-tea/p/20860677_EA", "Sub Category": null, "English Name": "Iced Tea", "Size": "1.75 l", "Size Label": "ea"}, {"Category": "Juice", "Aisle": "Drinks", "Sku": "20757160002_EA", "Regular Price": "None", "Sale Price": "6.99", "Image": "https://assets.shop.loblaws.ca/products/20757160002/b1/en/front/20757160002_front_a01_@2.png", "Brand": "Simply", "Url": "https://www.maxi.ca/lemonade-with-raspberry/p/20757160002_EA", "Sub Category": null, "English Name": "Lemonade With Raspberry", "Size": "3 l", "Size Label": "ea"}, {"Category": "Juice", "Aisle": "Drinks", "Sku": "20315789003_EA", "Regular Price": "None", "Sale Price": "5.49", "Image": "https://assets.shop.loblaws.ca/products/20315789003/b1/en/front/20315789003_front_a01_@2.png", "Brand": "Tropicana", "Url": "https://www.maxi.ca/cranberry/p/20315789003_EA", "Sub Category": null, "English Name": "Cranberry", "Size": "1.75 l", "Size Label": "ea"}, {"Category": "Juice", "Aisle": "Drinks", "Sku": "20288525_EA", "Regular Price": "None", "Sale Price": "8.99", "Image": "https://assets.shop.loblaws.ca/products/20288525/b1/en/front/20288525_front_a01_@2.png", "Brand": "Bolthouse", "Url": "https://www.maxi.ca/strawberry-banana/p/20288525_EA", "Sub Category": null, "English Name": "Strawberry Banana", "Size": "1.54 l", "Size Label": "ea"}, {"Category": "Juice", "Aisle": "Drinks", "Sku": "20036041_EA", "Regular Price": "None", "Sale Price": "8.99", "Image": "https://assets.shop.loblaws.ca/products/20036041/b1/en/front/20036041_front_a01_@2.png", "Brand": "Bolthouse", "Url": "https://www.maxi.ca/100-carrot/p/20036041_EA", "Sub Category": null, "English Name": "100% Carrot", "Size": "1.54 l", "Size Label": "ea"}, {"Category": "Juice", "Aisle": "Drinks", "Sku": "20567432_EA", "Regular Price": "None", "Sale Price": "2.99", "Image": "https://assets.shop.loblaws.ca/products/20567432/b1/en/front/20567432_front_a01_@2.png", "Brand": "No Name", "Url": "https://www.maxi.ca/tomato-juice/p/20567432_EA", "Sub Category": null, "English Name": "Tomato Juice", "Size": "1.36 l", "Size Label": "ea"}, {"Category": "Juice", "Aisle": "Drinks", "Sku": "20038043_EA", "Regular Price": "None", "Sale Price": "2.79", "Image": "https://assets.shop.loblaws.ca/products/20038043/b1/en/front/20038043_front_a01_@2.png", "Brand": "No Name", "Url": "https://www.maxi.ca/apple-juice-from-concentrate/p/20038043_EA", "Sub Category": null, "English Name": "Apple Juice from Concentrate", "Size": "10x200.0 ml", "Size Label": "ea"}, {"Category": "Juice", "Aisle": "Drinks", "Sku": "20118421_EA", "Regular Price": "None", "Sale Price": "4.99", "Image": "https://assets.shop.loblaws.ca/products/20118421/b1/en/front/20118421_front_a01_@2.png", "Brand": "Mott's", "Url": "https://www.maxi.ca/clamato-rimmer/p/20118421_EA", "Sub Category": null, "English Name": "Clamato Rimmer", "Size": "200 g", "Size Label": "ea"}, {"Category": "Juice", "Aisle": "Drinks", "Sku": "21092673_EA", "Regular Price": "None", "Sale Price": "3.99", "Image": "https://assets.shop.loblaws.ca/products/21092673/b1/en/front/21092673_front_a01_@2.png", "Brand": "Minute Maid", "Url": "https://www.maxi.ca/100-orange-juice-from-concentrate-8-pack/p/21092673_EA", "Sub Category": null, "English Name": "100% Orange Juice From Concentrate, 8 Pack", "Size": "8x200.0 ml", "Size Label": "ea"}, {"Category": "Juice", "Aisle": "Drinks", "Sku": "21108439_EA", "Regular Price": "1.50", "Sale Price": "1.29", "Image": "https://assets.shop.loblaws.ca/products/21108439/b1/en/front/21108439_front_a01_@2.png", "Brand": "Simply", "Url": "https://www.maxi.ca/real-fruit-beverage-peach/p/21108439_EA", "Sub Category": null, "English Name": "Real Fruit Beverage Peach", "Size": "340 ml", "Size Label": "ea"}, {"Category": "Juice", "Aisle": "Drinks", "Sku": "20347440003_EA", "Regular Price": "None", "Sale Price": "2.69", "Image": "https://assets.shop.loblaws.ca/products/20347440003/b1/en/front/20347440003_front_a01_@2.png", "Brand": "Fruitopia", "Url": "https://www.maxi.ca/raspberry-kiwi-karma-fruit-beverage/p/20347440003_EA", "Sub Category": null, "English Name": "Raspberry Kiwi Karma Fruit Beverage", "Size": "1.75 l", "Size Label": "ea"}, {"Category": "Juice", "Aisle": "Drinks", "Sku": "20755752002_EA", "Regular Price": "None", "Sale Price": "4.29", "Image": "https://assets.shop.loblaws.ca/products/20755752002/b1/en/front/20755752002_front_a01_@2.png", "Brand": "Pure Leaf", "Url": "https://www.maxi.ca/lemon-iced-tea/p/20755752002_EA", "Sub Category": null, "English Name": "Lemon Iced Tea", "Size": "1.75 l", "Size Label": "ea"}, {"Category": "Juice", "Aisle": "Drinks", "Sku": "21086085_EA", "Regular Price": "None", "Sale Price": "5.49", "Image": "https://assets.shop.loblaws.ca/products/21086085/b1/en/front/21086085_front_a01_@2.png", "Brand": "Simply", "Url": "https://www.maxi.ca/with-pulp-orange-juice-bottle/p/21086085_EA", "Sub Category": null, "English Name": "with Pulp Orange Juice, Bottle", "Size": "1.54 l", "Size Label": "ea"}, {"Category": "Juice", "Aisle": "Drinks", "Sku": "21354962_EA", "Regular Price": "None", "Sale Price": "4.29", "Image": "https://assets.shop.loblaws.ca/products/21354962/b1/en/front/21354962_front_a01_@2.png", "Brand": "Tropicana", "Url": "https://www.maxi.ca/strawberry-peach-beverage/p/21354962_EA", "Sub Category": null, "English Name": "Strawberry Peach Beverage    ", "Size": "1.54 l", "Size Label": "ea"}, {"Category": "Juice", "Aisle": "Drinks", "Sku": "21169959_EA", "Regular Price": "None", "Sale Price": "2.50", "Image": "https://assets.shop.loblaws.ca/products/21169959/b1/en/front/21169959_front_a01_@2.png", "Brand": "Fruite", "Url": "https://www.maxi.ca/zesty-raspberry-mixed-fruit-drink/p/21169959_EA", "Sub Category": null, "English Name": "Zesty Raspberry Mixed Fruit Drink", "Size": "1.65 l", "Size Label": "ea"}, {"Category": "Juice", "Aisle": "Drinks", "Sku": "21013895_EA", "Regular Price": "None", "Sale Price": "4.99", "Image": "https://assets.shop.loblaws.ca/products/21013895/b1/en/front/21013895_front_a01_@2.png", "Brand": "Gold Peak", "Url": "https://www.maxi.ca/rasberry-tea-carafe/p/21013895_EA", "Sub Category": null, "English Name": "Rasberry Tea, Carafe", "Size": "1.75 l", "Size Label": "ea"}, {"Category": "Juice", "Aisle": "Drinks", "Sku": "21106114_EA", "Regular Price": "None", "Sale Price": "5.49", "Image": "https://assets.shop.loblaws.ca/products/21106114/b1/en/front/21106114_front_a01_@2.png", "Brand": "Tropicana", "Url": "https://www.maxi.ca/trop50-orange-juice-pulp/p/21106114_EA", "Sub Category": null, "English Name": "Trop50 Orange Juice, Pulp", "Size": "1.54 l", "Size Label": "ea"}, {"Category": "Juice", "Aisle": "Drinks", "Sku": "20773870001_EA", "Regular Price": "None", "Sale Price": "3.49", "Image": "https://assets.shop.loblaws.ca/products/20773870001/b1/en/front/20773870001_front_a01_@2.png", "Brand": "President's Choice", "Url": "https://www.maxi.ca/original-lemonade/p/20773870001_EA", "Sub Category": null, "English Name": "Original Lemonade", "Size": "1.89 l", "Size Label": "ea"}, {"Category": "Juice", "Aisle": "Drinks", "Sku": "20079976003_EA", "Regular Price": "2.79", "Sale Price": "2.49", "Image": "https://assets.shop.loblaws.ca/products/20079976003/b1/en/front/20079976003_front_a01_@2.png", "Brand": "Kool-Aid", "Url": "https://www.maxi.ca/jammers-grape/p/20079976003_EA", "Sub Category": null, "English Name": "Jammers, Grape", "Size": "10x180.0 ml", "Size Label": "ea"}, {"Category": "Juice", "Aisle": "Drinks", "Sku": "21080950_EA", "Regular Price": "None", "Sale Price": "2.49", "Image": "https://assets.shop.loblaws.ca/products/21080950/b1/en/front/21080950_front_a01_@2.png", "Brand": "President's Choice", "Url": "https://www.maxi.ca/concord-grape-100-juice-blend/p/21080950_EA", "Sub Category": null, "English Name": "Concord Grape 100% Juice Blend", "Size": "1 l", "Size Label": "ea"}, {"Category": "Juice", "Aisle": "Drinks", "Sku": "21106112_EA", "Regular Price": "None", "Sale Price": "5.49", "Image": "https://assets.shop.loblaws.ca/products/21106112/b1/en/front/21106112_front_a01_@2.png", "Brand": "Tropicana", "Url": "https://www.maxi.ca/trop50-orange-juice-no-pulp/p/21106112_EA", "Sub Category": null, "English Name": "Trop50 Orange Juice, No Pulp", "Size": "1.54 l", "Size Label": "ea"}, {"Category": "Juice", "Aisle": "Drinks", "Sku": "21170790_EA", "Regular Price": "None", "Sale Price": "5.49", "Image": "https://assets.shop.loblaws.ca/products/21170790/b1/en/front/21170790_front_a01_@2.png", "Brand": "Simply", "Url": "https://www.maxi.ca/peach-juice-bottle/p/21170790_EA", "Sub Category": null, "English Name": "Peach Juice, Bottle", "Size": "1.54 l", "Size Label": "ea"}, {"Category": "Juice", "Aisle": "Drinks", "Sku": "21354968_EA", "Regular Price": "None", "Sale Price": "4.29", "Image": "https://assets.shop.loblaws.ca/products/21354968/b1/en/front/21354968_front_a01_@2.png", "Brand": "Tropicana", "Url": "https://www.maxi.ca/lemonade/p/21354968_EA", "Sub Category": null, "English Name": "Lemonade      ", "Size": "1.54 l", "Size Label": "ea"}, {"Category": "Juice", "Aisle": "Drinks", "Sku": "20190053_EA", "Regular Price": "None", "Sale Price": "5.49", "Image": "https://assets.shop.loblaws.ca/products/20190053/b1/en/front/20190053_front_a01_@2.png", "Brand": "Tropicana", "Url": "https://www.maxi.ca/pure-premium-apple-juice/p/20190053_EA", "Sub Category": null, "English Name": "Pure Premium Apple Juice", "Size": "1.75 l", "Size Label": "ea"}, {"Category": "Juice", "Aisle": "Drinks", "Sku": "20982463_EA", "Regular Price": "None", "Sale Price": "5.49", "Image": "https://assets.shop.loblaws.ca/products/20982463/b1/en/front/20982463_front_a01_@2.png", "Brand": "Ocean Spray", "Url": "https://www.maxi.ca/100-juice-blends-100-juice-cranberry/p/20982463_EA", "Sub Category": null, "English Name": "100% Juice Blends 100% Juice, Cranberry", "Size": "1.77 l", "Size Label": "ea"}, {"Category": "Juice", "Aisle": "Drinks", "Sku": "21529907_EA", "Regular Price": "4.79", "Sale Price": "3.99", "Image": "https://assets.shop.loblaws.ca/products/21529907/b1/en/front/21529907_front_a01_@2.png", "Brand": "Oasis", "Url": "https://www.maxi.ca/smoothie-tropical-mango/p/21529907_EA", "Sub Category": null, "English Name": "Smoothie Tropical Mango", "Size": "1.6 l", "Size Label": "ea"}, {"Category": "Juice", "Aisle": "Drinks", "Sku": "20320439005_EA", "Regular Price": "1.99", "Sale Price": "1.50", "Image": "https://assets.shop.loblaws.ca/products/20320439005/b1/en/front/20320439005_front_a01_@2.png", "Brand": "No Name", "Url": "https://www.maxi.ca/peach-drink/p/20320439005_EA", "Sub Category": null, "English Name": "Peach Drink", "Size": "2 l", "Size Label": "ea"}, {"Category": "Juice", "Aisle": "Drinks", "Sku": "21437174_EA", "Regular Price": "None", "Sale Price": "4.99", "Image": "https://assets.shop.loblaws.ca/products/21437174/b1/en/front/21437174_front_a01_@2.png", "Brand": "Del Monte", "Url": "https://www.maxi.ca/pineapple-orange-juice-blend/p/21437174_EA", "Sub Category": null, "English Name": "Pineapple-Orange Juice\u00a0Blend", "Size": "2.5 l", "Size Label": "ea"}, {"Category": "Juice", "Aisle": "Drinks", "Sku": "20958183_EA", "Regular Price": "None", "Sale Price": "4.29", "Image": "https://assets.shop.loblaws.ca/products/20958183/b1/en/front/20958183_front_a01_@2.png", "Brand": "Pure Leaf", "Url": "https://www.maxi.ca/peach-tea/p/20958183_EA", "Sub Category": null, "English Name": "Peach Tea", "Size": "1.75 l", "Size Label": "ea"}, {"Category": "Juice", "Aisle": "Drinks", "Sku": "21170722_EA", "Regular Price": "None", "Sale Price": "5.49", "Image": "https://assets.shop.loblaws.ca/products/21170722/b1/en/front/21170722_front_a01_@2.png", "Brand": "Simply", "Url": "https://www.maxi.ca/limeade-bottle/p/21170722_EA", "Sub Category": null, "English Name": "Limeade, Bottle", "Size": "1.54 l", "Size Label": "ea"}, {"Category": "Juice", "Aisle": "Drinks", "Sku": "20896738_EA", "Regular Price": "None", "Sale Price": "5.49", "Image": "https://assets.shop.loblaws.ca/products/20896738/b1/en/front/20896738_front_a01_@2.png", "Brand": "No Name", "Url": "https://www.maxi.ca/prune-nectar-unsweetened/p/20896738_EA", "Sub Category": null, "English Name": "Prune Nectar Unsweetened", "Size": "1.36 l", "Size Label": "ea"}, {"Category": "Juice", "Aisle": "Drinks", "Sku": "21203737_EA", "Regular Price": "None", "Sale Price": "8.49", "Image": "https://assets.shop.loblaws.ca/products/21203737/b1/en/front/21203737_front_a01_@2.png", "Brand": "Danone", "Url": "https://www.maxi.ca/cold-brew-coffee-black-lightly-sweetened/p/21203737_EA", "Sub Category": null, "English Name": "Cold Brew Coffee, Black Lightly Sweetened", "Size": "1.42 l", "Size Label": "ea"}, {"Category": "Juice", "Aisle": "Drinks", "Sku": "20574433002_EA", "Regular Price": "None", "Sale Price": "7.29", "Image": "https://assets.shop.loblaws.ca/products/20574433002/b1/en/front/20574433002_front_a01_@2.png", "Brand": "Ocean Spray", "Url": "https://www.maxi.ca/diet-cranberry-cocktail/p/20574433002_EA", "Sub Category": null, "English Name": "Diet Cranberry Cocktail", "Size": "3 l", "Size Label": "ea"}, {"Category": "Juice", "Aisle": "Drinks", "Sku": "21358455_EA", "Regular Price": "None", "Sale Price": "5.49", "Image": "https://assets.shop.loblaws.ca/products/21358455/b1/en/front/21358455_front_a01_@2.png", "Brand": "Simply", "Url": "https://www.maxi.ca/real-fruit-beverage-fruit-punch/p/21358455_EA", "Sub Category": null, "English Name": "Real Fruit Beverage Fruit Punch", "Size": "1.54 l", "Size Label": "ea"}, {"Category": "Juice", "Aisle": "Drinks", "Sku": "21529542_EA", "Regular Price": "None", "Sale Price": "3.99", "Image": "https://assets.shop.loblaws.ca/products/21529542/b1/en/front/21529542_front_a01_@2.png", "Brand": "Oasis", "Url": "https://www.maxi.ca/orange-carrot-mango-juice/p/21529542_EA", "Sub Category": null, "English Name": "Orange Carrot\u00a0Mango Juice", "Size": "1.6 l", "Size Label": "ea"}, {"Category": "Juice", "Aisle": "Drinks", "Sku": "20318955003_EA", "Regular Price": "None", "Sale Price": "3.99", "Image": "https://assets.shop.loblaws.ca/products/20318955003/b1/en/front/20318955003_front_a01_@2.png", "Brand": "Mott's", "Url": "https://www.maxi.ca/clamato-extra-spicy/p/20318955003_EA", "Sub Category": null, "English Name": "Clamato, Extra Spicy", "Size": "1.89 l", "Size Label": "ea"}, {"Category": "Juice", "Aisle": "Drinks", "Sku": "20378586_EA", "Regular Price": "None", "Sale Price": "2.29", "Image": "https://assets.shop.loblaws.ca/products/20378586/b1/en/front/20378586_front_a01_@2.png", "Brand": "Sealtest", "Url": "https://www.maxi.ca/lemonade/p/20378586_EA", "Sub Category": null, "English Name": "Lemonade", "Size": "1.75 l", "Size Label": "ea"}, {"Category": "Juice", "Aisle": "Drinks", "Sku": "20321130_EA", "Regular Price": "None", "Sale Price": "5.49", "Image": "https://assets.shop.loblaws.ca/products/20321130/b1/en/front/20321130_front_a01_@2.png", "Brand": "President's Choice", "Url": "https://www.maxi.ca/pure-pressed-pineapple-juice/p/20321130_EA", "Sub Category": null, "English Name": "Pure Pressed Pineapple Juice", "Size": "1.75 l", "Size Label": "ea"}, {"Category": "Juice", "Aisle": "Drinks", "Sku": "20300006010_EA", "Regular Price": "None", "Sale Price": "4.79", "Image": "https://assets.shop.loblaws.ca/products/20300006010/b1/en/front/20300006010_front_a01_@2.png", "Brand": "Ocean Spray", "Url": "https://www.maxi.ca/cran-grape/p/20300006010_EA", "Sub Category": null, "English Name": "Cran Grape", "Size": "1.89 l", "Size Label": "ea"}, {"Category": "Juice", "Aisle": "Drinks", "Sku": "21305907_EA", "Regular Price": "None", "Sale Price": "7.99", "Image": "https://assets.shop.loblaws.ca/products/21305907/b1/en/front/21305907_front_a01_@2.png", "Brand": "President's Choice", "Url": "https://www.maxi.ca/rose-dealcoholized-wine/p/21305907_EA", "Sub Category": null, "English Name": "Rose Dealcoholized Wine", "Size": "750 ml", "Size Label": "ea"}, {"Category": "Juice", "Aisle": "Drinks", "Sku": "20148495_EA", "Regular Price": "None", "Sale Price": "2.79", "Image": "https://assets.shop.loblaws.ca/products/20148495/b1/en/front/20148495_front_a01_@2.png", "Brand": "No Name", "Url": "https://www.maxi.ca/unsweetened-orange-juice-from-concentrate-boxes/p/20148495_EA", "Sub Category": null, "English Name": "Unsweetened Orange Juice from Concentrate Boxes", "Size": "10x200.0 ml", "Size Label": "ea"}, {"Category": "Juice", "Aisle": "Drinks", "Sku": "20324177001_EA", "Regular Price": "None", "Sale Price": "7.29", "Image": "https://assets.shop.loblaws.ca/products/20324177001/b1/en/front/20324177001_front_a01_@2.png", "Brand": "Tropicana", "Url": "https://www.maxi.ca/pulp-free-orange-juice-calcium-vitamin-d-added/p/20324177001_EA", "Sub Category": null, "English Name": "Pulp Free Orange Juice, Calcium & Vitamin D Added", "Size": "2.63 l", "Size Label": "ea"}, {"Category": "Juice", "Aisle": "Drinks", "Sku": "20300006012_EA", "Regular Price": "None", "Sale Price": "4.79", "Image": "https://assets.shop.loblaws.ca/products/20300006012/b1/en/front/20300006012_front_a01_@2.png", "Brand": "Ocean Spray", "Url": "https://www.maxi.ca/white-cranberry-cocktail/p/20300006012_EA", "Sub Category": null, "English Name": "White Cranberry Cocktail", "Size": "1.89 l", "Size Label": "ea"}, {"Category": "Juice", "Aisle": "Drinks", "Sku": "20300006004_EA", "Regular Price": "None", "Sale Price": "4.79", "Image": "https://assets.shop.loblaws.ca/products/20300006004/b1/en/front/20300006004_front_a01_@2.png", "Brand": "Ocean Spray", "Url": "https://www.maxi.ca/diet-cranberry-pomegranate-cocktail/p/20300006004_EA", "Sub Category": null, "English Name": "Diet Cranberry & Pomegranate Cocktail", "Size": "1.89 l", "Size Label": "ea"}, {"Category": "Juice", "Aisle": "Drinks", "Sku": "21401433_EA", "Regular Price": "None", "Sale Price": "4.29", "Image": "https://assets.shop.loblaws.ca/products/21401433/b1/en/front/21401433_front_a01_@2.png", "Brand": "Tradition", "Url": "https://www.maxi.ca/sparkling-raspberry-lemonade/p/21401433_EA", "Sub Category": null, "English Name": "Sparkling Raspberry Lemonade", "Size": "750 ml", "Size Label": "ea"}, {"Category": "Juice", "Aisle": "Drinks", "Sku": "21434019_EA", "Regular Price": "None", "Sale Price": "4.99", "Image": "https://assets.shop.loblaws.ca/products/21434019/b1/en/front/21434019_front_a01_@2.png", "Brand": "Minute Maid", "Url": "https://www.maxi.ca/pink-lemonade/p/21434019_EA", "Sub Category": null, "English Name": "Pink Lemonade", "Size": "1.54 l", "Size Label": "ea"}, {"Category": "Juice", "Aisle": "Drinks", "Sku": "20348331002_EA", "Regular Price": "None", "Sale Price": "3.99", "Image": "https://assets.shop.loblaws.ca/products/20348331002/b1/en/front/20348331002_front_a01_@2.png", "Brand": "Five Alive", "Url": "https://www.maxi.ca/carton/p/20348331002_EA", "Sub Category": null, "English Name": ", Carton", "Size": "1.75 l", "Size Label": "ea"}, {"Category": "Juice", "Aisle": "Drinks", "Sku": "20299308001_EA", "Regular Price": "None", "Sale Price": "4.29", "Image": "https://assets.shop.loblaws.ca/products/20299308001/b1/en/front/20299308001_front_a01_@2.png", "Brand": "Tropicana", "Url": "https://www.maxi.ca/tropics-paradise-blend/p/20299308001_EA", "Sub Category": null, "English Name": "Tropics Paradise Blend", "Size": "1.75 l", "Size Label": "ea"}, {"Category": "Juice", "Aisle": "Drinks", "Sku": "20182121001_EA", "Regular Price": "None", "Sale Price": "4.29", "Image": "https://assets.shop.loblaws.ca/products/20182121001/b1/en/front/20182121001_front_a01_@2.png", "Brand": "Mott's", "Url": "https://www.maxi.ca/zesty-garden-cocktail/p/20182121001_EA", "Sub Category": null, "English Name": "Zesty Garden Cocktail", "Size": "1.89 l", "Size Label": "ea"}, {"Category": "Juice", "Aisle": "Drinks", "Sku": "20315764002_EA", "Regular Price": "None", "Sale Price": "3.49", "Image": "https://assets.shop.loblaws.ca/products/20315764002/b1/en/front/20315764002_front_a01_@2.png", "Brand": "Oasis", "Url": "https://www.maxi.ca/apple-juice/p/20315764002_EA", "Sub Category": null, "English Name": "Apple Juice", "Size": "8x200.0 ml", "Size Label": "ea"}, {"Category": "Juice", "Aisle": "Drinks", "Sku": "20506849005_EA", "Regular Price": "3.49", "Sale Price": "2.99", "Image": "https://assets.shop.loblaws.ca/products/20506849005/b1/en/front/20506849005_front_a01_@2.png", "Brand": "PC Blue Menu", "Url": "https://www.maxi.ca/8-vegetable-cocktail/p/20506849005_EA", "Sub Category": null, "English Name": "8-Vegetable Cocktail", "Size": "1.89 l", "Size Label": "ea"}, {"Category": "Juice", "Aisle": "Drinks", "Sku": "20315764009_EA", "Regular Price": "None", "Sale Price": "3.49", "Image": "https://assets.shop.loblaws.ca/products/20315764009/b1/en/front/20315764009_front_a01_@2.png", "Brand": "Oasis", "Url": "https://www.maxi.ca/peach-clementine-juice/p/20315764009_EA", "Sub Category": null, "English Name": "Peach\u00a0Clementine Juice", "Size": "8x200.0 ml", "Size Label": "ea"}, {"Category": "Juice", "Aisle": "Drinks", "Sku": "20182121002_EA", "Regular Price": "None", "Sale Price": "4.29", "Image": "https://assets.shop.loblaws.ca/products/20182121002/b1/en/front/20182121002_front_a01_@2.png", "Brand": "Mott's", "Url": "https://www.maxi.ca/garden-cocktail/p/20182121002_EA", "Sub Category": null, "English Name": "Garden Cocktail", "Size": "1.89 l", "Size Label": "ea"}, {"Category": "Juice", "Aisle": "Drinks", "Sku": "21030520_C01", "Regular Price": "13.99", "Sale Price": "13.49", "Image": "https://assets.shop.loblaws.ca/products/21030520/b1/en/front/21030520_front_a01_@2.png", "Brand": "Oasis", "Url": "https://www.maxi.ca/juice-assorted-flavours-case/p/21030520_C01", "Sub Category": null, "English Name": "Juice Assorted Flavours (Case)", "Size": "40x200.0 ml", "Size Label": "ea"}, {"Category": "Juice", "Aisle": "Drinks", "Sku": "21430567_EA", "Regular Price": "None", "Sale Price": "4.99", "Image": "https://assets.shop.loblaws.ca/products/21430567/b1/en/front/21430567_front_a01_@2.png", "Brand": "President's Choice", "Url": "https://www.maxi.ca/cucumber-mint-flavour-green-tea/p/21430567_EA", "Sub Category": null, "English Name": "Cucumber Mint Flavour Green Tea", "Size": "1.54 l", "Size Label": "ea"}, {"Category": "Juice", "Aisle": "Drinks", "Sku": "20501952_EA", "Regular Price": "None", "Sale Price": "2.49", "Image": "https://assets.shop.loblaws.ca/products/20501952/b1/en/front/20501952_front_a01_@2.png", "Brand": "President's Choice", "Url": "https://www.maxi.ca/100-apple-juice/p/20501952_EA", "Sub Category": null, "English Name": "100% Apple Juice", "Size": "1 l", "Size Label": "ea"}, {"Category": "Juice", "Aisle": "Drinks", "Sku": "21397831_EA", "Regular Price": "None", "Sale Price": "4.99", "Image": "https://assets.shop.loblaws.ca/products/21397831/b1/en/front/21397831_front_a01_@2.png", "Brand": "President's Choice", "Url": "https://www.maxi.ca/medium-roast-black-cold-brew-coffee/p/21397831_EA", "Sub Category": null, "English Name": "Medium Roast Black Cold Brew Coffee", "Size": "900 ml", "Size Label": "ea"}, {"Category": "Juice", "Aisle": "Drinks", "Sku": "20312999_EA", "Regular Price": "None", "Sale Price": "7.49", "Image": "https://assets.shop.loblaws.ca/products/20312999/b1/en/front/20312999_front_a01_@2.png", "Brand": "Bolthouse", "Url": "https://www.maxi.ca/mocha-cappuccino/p/20312999_EA", "Sub Category": null, "English Name": "Mocha Cappuccino", "Size": "946 ml", "Size Label": "ea"}, {"Category": "Juice", "Aisle": "Drinks", "Sku": "20182121003_EA", "Regular Price": "None", "Sale Price": "4.29", "Image": "https://assets.shop.loblaws.ca/products/20182121003/b1/en/front/20182121003_front_a01_@2.png", "Brand": "Mott's", "Url": "https://www.maxi.ca/garden-cocktail-low-sodium/p/20182121003_EA", "Sub Category": null, "English Name": "Garden Cocktail, Low Sodium", "Size": "1.89 l", "Size Label": "ea"}, {"Category": "Juice", "Aisle": "Drinks", "Sku": "21376780_EA", "Regular Price": "None", "Sale Price": "3.99", "Image": "https://assets.shop.loblaws.ca/products/21376780/b1/en/front/21376780_front_a01_@2.png", "Brand": "Oasis", "Url": "https://www.maxi.ca/orange-juice-with-pulp-not-from-concentrate/p/21376780_EA", "Sub Category": null, "English Name": "Orange Juice\u00a0with Pulp, Not from Concentrate", "Size": "1.5 l", "Size Label": "ea"}, {"Category": "Juice", "Aisle": "Drinks", "Sku": "21430546_EA", "Regular Price": "None", "Sale Price": "4.89", "Image": "https://assets.shop.loblaws.ca/products/21430546/b1/en/front/21430546_front_a01_@2.png", "Brand": "President's Choice", "Url": "https://www.maxi.ca/ruby-red-grapefruit-juice/p/21430546_EA", "Sub Category": null, "English Name": "Ruby Red Grapefruit Juice", "Size": "1.54 l", "Size Label": "ea"}, {"Category": "Juice", "Aisle": "Drinks", "Sku": "21013891_EA", "Regular Price": "None", "Sale Price": "4.99", "Image": "https://assets.shop.loblaws.ca/products/21013891/b1/en/front/21013891_front_a01_@2.png", "Brand": "Minute Maid", "Url": "https://www.maxi.ca/gold-peak-iced-tea-natural-lemon-flavour/p/21013891_EA", "Sub Category": null, "English Name": "Gold Peak Iced Tea (Natural Lemon Flavour)", "Size": "1.75 l", "Size Label": "ea"}, {"Category": "Juice", "Aisle": "Drinks", "Sku": "21169953_EA", "Regular Price": "None", "Sale Price": "2.50", "Image": "https://assets.shop.loblaws.ca/products/21169953/b1/en/front/21169953_front_a01_@2.png", "Brand": "Fruite", "Url": "https://www.maxi.ca/lemonade/p/21169953_EA", "Sub Category": null, "English Name": "Lemonade", "Size": "1.65 l", "Size Label": "ea"}, {"Category": "Juice", "Aisle": "Drinks", "Sku": "20168886001_EA", "Regular Price": "None", "Sale Price": "7.49", "Image": "https://assets.shop.loblaws.ca/products/20168886001/b1/en/front/20168886001_front_a01_@2.png", "Brand": "President's Choice", "Url": "https://www.maxi.ca/cranberry-cocktail/p/20168886001_EA", "Sub Category": null, "English Name": "Cranberry Cocktail", "Size": "3.78 l", "Size Label": "ea"}, {"Category": "Juice", "Aisle": "Drinks", "Sku": "20348331003_EA", "Regular Price": "None", "Sale Price": "3.99", "Image": "https://assets.shop.loblaws.ca/products/20348331003/b1/en/front/20348331003_front_a01_@2.png", "Brand": "Five Alive", "Url": "https://www.maxi.ca/mango-citrus-juice/p/20348331003_EA", "Sub Category": null, "English Name": "Mango Citrus Juice", "Size": "1.75 l", "Size Label": "ea"}, {"Category": "Juice", "Aisle": "Drinks", "Sku": "21430650_EA", "Regular Price": "None", "Sale Price": "4.89", "Image": "https://assets.shop.loblaws.ca/products/21430650/b1/en/front/21430650_front_a01_@2.png", "Brand": "President's Choice", "Url": "https://www.maxi.ca/jalapeno-lemonade/p/21430650_EA", "Sub Category": null, "English Name": "Jalapeno Lemonade", "Size": "1.54 l", "Size Label": "ea"}, {"Category": "Juice", "Aisle": "Drinks", "Sku": "20757160001_EA", "Regular Price": "None", "Sale Price": "6.99", "Image": "https://assets.shop.loblaws.ca/products/20757160001/b1/en/front/20757160001_front_a01_@2.png", "Brand": "Simply", "Url": "https://www.maxi.ca/lemonade/p/20757160001_EA", "Sub Category": null, "English Name": "Lemonade", "Size": "2.63 l", "Size Label": "ea"}, {"Category": "Juice", "Aisle": "Drinks", "Sku": "20164122_EA", "Regular Price": "None", "Sale Price": "7.49", "Image": "https://assets.shop.loblaws.ca/products/20164122/b1/en/front/20164122_front_a01_@2.png", "Brand": "Bolthouse", "Url": "https://www.maxi.ca/100-carrot/p/20164122_EA", "Sub Category": null, "English Name": "100% Carrot", "Size": "946 ml", "Size Label": "ea"}, {"Category": "Juice", "Aisle": "Drinks", "Sku": "21084957_EA", "Regular Price": "None", "Sale Price": "2.79", "Image": "https://assets.shop.loblaws.ca/products/21084957/b1/en/front/21084957_front_a01_@2.png", "Brand": "No Name", "Url": "https://www.maxi.ca/iced-tea/p/21084957_EA", "Sub Category": null, "English Name": "Iced Tea", "Size": "10x200.0 ml", "Size Label": "ea"}, {"Category": "Juice", "Aisle": "Drinks", "Sku": "21087669_EA", "Regular Price": "None", "Sale Price": "2.99", "Image": "https://assets.shop.loblaws.ca/products/21087669/b1/en/front/21087669_front_a01_@2.png", "Brand": "President's Choice", "Url": "https://www.maxi.ca/cold-brew-nitro-black-coffee/p/21087669_EA", "Sub Category": null, "English Name": "Cold Brew Nitro Black Coffee", "Size": "355 ml", "Size Label": "ea"}, {"Category": "Juice", "Aisle": "Drinks", "Sku": "21433563_EA", "Regular Price": "None", "Sale Price": "2.19", "Image": "https://assets.shop.loblaws.ca/products/21433563/b1/en/front/21433563_front_a01_@2.png", "Brand": "Fruite", "Url": "https://www.maxi.ca/lemon-iced-tea/p/21433563_EA", "Sub Category": null, "English Name": "Lemon Iced Tea", "Size": "2 l", "Size Label": "ea"}, {"Category": "Juice", "Aisle": "Drinks", "Sku": "20767363_EA", "Regular Price": "None", "Sale Price": "1.29", "Image": "https://assets.shop.loblaws.ca/products/20767363/b1/en/front/20767363_front_a01_@2.png", "Brand": "Minute Maid", "Url": "https://www.maxi.ca/apple-juice/p/20767363_EA", "Sub Category": null, "English Name": "Apple Juice", "Size": "340 ml", "Size Label": "ea"}, {"Category": "Juice", "Aisle": "Drinks", "Sku": "20132474003_EA", "Regular Price": "None", "Sale Price": "22.99", "Image": "https://assets.shop.loblaws.ca/products/20132474003/b1/en/front/20132474003_front_a01_@2.png", "Brand": "Oasis", "Url": "https://www.maxi.ca/10-vegetables-cocktail/p/20132474003_EA", "Sub Category": null, "English Name": "10 Vegetables Cocktail", "Size": "24x300.0 ml", "Size Label": "ea"}, {"Category": "Juice", "Aisle": "Drinks", "Sku": "21354972_EA", "Regular Price": "None", "Sale Price": "4.29", "Image": "https://assets.shop.loblaws.ca/products/21354972/b1/en/front/21354972_front_a01_@2.png", "Brand": "Tropicana", "Url": "https://www.maxi.ca/blackberry-blueberry-fruit-drink/p/21354972_EA", "Sub Category": null, "English Name": "Blackberry Blueberry Fruit Drink   ", "Size": "1.54 l", "Size Label": "ea"}, {"Category": "Juice", "Aisle": "Drinks", "Sku": "21529903_EA", "Regular Price": "None", "Sale Price": "3.99", "Image": "https://assets.shop.loblaws.ca/products/21529903/b1/en/front/21529903_front_a01_@2.png", "Brand": "Oasis", "Url": "https://www.maxi.ca/juice-orange-raspberry-passion-fruit/p/21529903_EA", "Sub Category": null, "English Name": "Juice, Orange Raspberry Passion Fruit", "Size": "1.6 l", "Size Label": "ea"}, {"Category": "Juice", "Aisle": "Drinks", "Sku": "20315764005_EA", "Regular Price": "None", "Sale Price": "3.49", "Image": "https://assets.shop.loblaws.ca/products/20315764005/b1/en/front/20315764005_front_a01_@2.png", "Brand": "Oasis", "Url": "https://www.maxi.ca/apple-grape-juice/p/20315764005_EA", "Sub Category": null, "English Name": "Apple Grape Juice", "Size": "8x200.0 ml", "Size Label": "ea"}, {"Category": "Juice", "Aisle": "Drinks", "Sku": "20315996003_EA", "Regular Price": "2.99", "Sale Price": "2.49", "Image": "https://assets.shop.loblaws.ca/products/20315996003/b1/en/front/20315996003_front_a01_@2.png", "Brand": "Allen's", "Url": "https://www.maxi.ca/fruit-punch-cocktail/p/20315996003_EA", "Sub Category": null, "English Name": "Fruit Punch Cocktail", "Size": "8x200.0 ml", "Size Label": "ea"}, {"Category": "Juice", "Aisle": "Drinks", "Sku": "20119756002_EA", "Regular Price": "None", "Sale Price": "7.29", "Image": "https://assets.shop.loblaws.ca/products/20119756002/b1/en/front/20119756002_front_a01_@2.png", "Brand": "Tropicana", "Url": "https://www.maxi.ca/pure-premium-grovestand-lots-of-pulp/p/20119756002_EA", "Sub Category": null, "English Name": "Pure Premium Grovestand (Lots Of Pulp)", "Size": "2.63 l", "Size Label": "ea"}, {"Category": "Juice", "Aisle": "Drinks", "Sku": "20766577_EA", "Regular Price": "None", "Sale Price": "1.29", "Image": "https://assets.shop.loblaws.ca/products/20766577/b1/en/front/20766577_front_a01_@2.png", "Brand": "Minute Maid", "Url": "https://www.maxi.ca/lemonade/p/20766577_EA", "Sub Category": null, "English Name": "Lemonade", "Size": "340 ml", "Size Label": "ea"}, {"Category": "Juice", "Aisle": "Drinks", "Sku": "21529635_EA", "Regular Price": "None", "Sale Price": "2.79", "Image": "https://assets.shop.loblaws.ca/products/21529635/b1/en/front/21529635_front_a01_@2.png", "Brand": "Rubicon", "Url": "https://www.maxi.ca/juice-drink-dragon-fruit/p/21529635_EA", "Sub Category": null, "English Name": "Juice Drink Dragon Fruit", "Size": "1 l", "Size Label": "ea"}, {"Category": "Juice", "Aisle": "Drinks", "Sku": "20311281_EA", "Regular Price": "None", "Sale Price": "3.49", "Image": "https://assets.shop.loblaws.ca/products/20311281/b1/en/front/20311281_front_a01_@2.png", "Brand": "No Name", "Url": "https://www.maxi.ca/apple-juice/p/20311281_EA", "Sub Category": null, "English Name": "Apple Juice", "Size": "1.75 l", "Size Label": "ea"}, {"Category": "Juice", "Aisle": "Drinks", "Sku": "20173906_EA", "Regular Price": "None", "Sale Price": "2.99", "Image": "https://assets.shop.loblaws.ca/products/20173906/b1/en/front/20173906_front_a01_@2.png", "Brand": "Heinz", "Url": "https://www.maxi.ca/tomato-juice/p/20173906_EA", "Sub Category": null, "English Name": "Tomato Juice", "Size": "1.36 l", "Size Label": "ea"}, {"Category": "Juice", "Aisle": "Drinks", "Sku": "20300006009_EA", "Regular Price": "None", "Sale Price": "4.79", "Image": "https://assets.shop.loblaws.ca/products/20300006009/b1/en/front/20300006009_front_a01_@2.png", "Brand": "Ocean Spray", "Url": "https://www.maxi.ca/cranberry-raspberry-cocktail/p/20300006009_EA", "Sub Category": null, "English Name": "Cranberry Raspberry Cocktail", "Size": "1.89 l", "Size Label": "ea"}, {"Category": "Juice", "Aisle": "Drinks", "Sku": "21434119_EA", "Regular Price": "None", "Sale Price": "4.99", "Image": "https://assets.shop.loblaws.ca/products/21434119/b1/en/front/21434119_front_a01_@2.png", "Brand": "Minute Maid", "Url": "https://www.maxi.ca/lemonade/p/21434119_EA", "Sub Category": null, "English Name": "Lemonade", "Size": "1.54 l", "Size Label": "ea"}, {"Category": "Juice", "Aisle": "Drinks", "Sku": "21434122_EA", "Regular Price": "None", "Sale Price": "4.99", "Image": "https://assets.shop.loblaws.ca/products/21434122/b1/en/front/21434122_front_a01_@2.png", "Brand": "Minute Maid", "Url": "https://www.maxi.ca/fruit-punch-no-sugar-added/p/21434122_EA", "Sub Category": null, "English Name": "Fruit Punch, No Sugar Added", "Size": "1.54 l", "Size Label": "ea"}, {"Category": "Juice", "Aisle": "Drinks", "Sku": "20315764005_EA", "Regular Price": "None", "Sale Price": "3.49", "Image": "https://assets.shop.loblaws.ca/products/20315764005/b1/en/front/20315764005_front_a01_@2.png", "Brand": "Oasis", "Url": "https://www.maxi.ca/apple-grape-juice/p/20315764005_EA", "Sub Category": null, "English Name": "Apple Grape Juice", "Size": "8x200.0 ml", "Size Label": "ea"}, {"Category": "Juice", "Aisle": "Drinks", "Sku": "20315996003_EA", "Regular Price": "2.99", "Sale Price": "2.49", "Image": "https://assets.shop.loblaws.ca/products/20315996003/b1/en/front/20315996003_front_a01_@2.png", "Brand": "Allen's", "Url": "https://www.maxi.ca/fruit-punch-cocktail/p/20315996003_EA", "Sub Category": null, "English Name": "Fruit Punch Cocktail", "Size": "8x200.0 ml", "Size Label": "ea"}, {"Category": "Juice", "Aisle": "Drinks", "Sku": "20119756002_EA", "Regular Price": "None", "Sale Price": "7.29", "Image": "https://assets.shop.loblaws.ca/products/20119756002/b1/en/front/20119756002_front_a01_@2.png", "Brand": "Tropicana", "Url": "https://www.maxi.ca/pure-premium-grovestand-lots-of-pulp/p/20119756002_EA", "Sub Category": null, "English Name": "Pure Premium Grovestand (Lots Of Pulp)", "Size": "2.63 l", "Size Label": "ea"}, {"Category": "Juice", "Aisle": "Drinks", "Sku": "21529635_EA", "Regular Price": "None", "Sale Price": "2.79", "Image": "https://assets.shop.loblaws.ca/products/21529635/b1/en/front/21529635_front_a01_@2.png", "Brand": "Rubicon", "Url": "https://www.maxi.ca/juice-drink-dragon-fruit/p/21529635_EA", "Sub Category": null, "English Name": "Juice Drink Dragon Fruit", "Size": "1 l", "Size Label": "ea"}, {"Category": "Juice", "Aisle": "Drinks", "Sku": "20298903002_EA", "Regular Price": "None", "Sale Price": "1.29", "Image": "https://assets.shop.loblaws.ca/products/20298903002/b1/en/front/20298903002_front_a01_@2.png", "Brand": "Real Lemon", "Url": "https://www.maxi.ca/realime-single-strength-lime-juice/p/20298903002_EA", "Sub Category": null, "English Name": "Realime Single Strength Lime Juice", "Size": "125 ml", "Size Label": "ea"}, {"Category": "Juice", "Aisle": "Drinks", "Sku": "20300006009_EA", "Regular Price": "None", "Sale Price": "4.79", "Image": "https://assets.shop.loblaws.ca/products/20300006009/b1/en/front/20300006009_front_a01_@2.png", "Brand": "Ocean Spray", "Url": "https://www.maxi.ca/cranberry-raspberry-cocktail/p/20300006009_EA", "Sub Category": null, "English Name": "Cranberry Raspberry Cocktail", "Size": "1.89 l", "Size Label": "ea"}, {"Category": "Juice", "Aisle": "Drinks", "Sku": "20307025001_EA", "Regular Price": "3.49", "Sale Price": "2.99", "Image": "https://assets.shop.loblaws.ca/products/20307025001/b1/en/front/20307025001_front_a01_@2.png", "Brand": "President's Choice", "Url": "https://www.maxi.ca/cranberry-cocktail/p/20307025001_EA", "Sub Category": null, "English Name": "Cranberry Cocktail", "Size": "1.89 l", "Size Label": "ea"}, {"Category": "Juice", "Aisle": "Drinks", "Sku": "20642439_EA", "Regular Price": "None", "Sale Price": "3.49", "Image": "https://assets.shop.loblaws.ca/products/20642439/b1/en/front/20642439_front_a01_@2.png", "Brand": "Oasis", "Url": "https://www.maxi.ca/10-vegetable-cocktail-veggie-juice/p/20642439_EA", "Sub Category": null, "English Name": "10 Vegetable Cocktail Veggie Juice", "Size": "8x200.0 ml", "Size Label": "ea"}, {"Category": "Juice", "Aisle": "Drinks", "Sku": "20506849004_EA", "Regular Price": "3.49", "Sale Price": "2.99", "Image": "https://assets.shop.loblaws.ca/products/20506849004/b1/en/front/20506849004_front_a01_@2.png", "Brand": "President's Choice", "Url": "https://www.maxi.ca/8-vegetable-cocktail/p/20506849004_EA", "Sub Category": null, "English Name": "8-Vegetable Cocktail", "Size": "1.89 l", "Size Label": "ea"}, {"Category": "Juice", "Aisle": "Drinks", "Sku": "20782771_EA", "Regular Price": "None", "Sale Price": "2.99", "Image": "https://assets.shop.loblaws.ca/products/20782771/b1/en/front/20782771_front_a01_@2.png", "Brand": "No Name", "Url": "https://www.maxi.ca/lemonade/p/20782771_EA", "Sub Category": null, "English Name": "Lemonade", "Size": "1.75 l", "Size Label": "ea"}, {"Category": "Juice", "Aisle": "Drinks", "Sku": "21434100_EA", "Regular Price": "None", "Sale Price": "4.99", "Image": "https://assets.shop.loblaws.ca/products/21434100/b1/en/front/21434100_front_a01_@2.png", "Brand": "Minute Maid", "Url": "https://www.maxi.ca/mango-passion/p/21434100_EA", "Sub Category": null, "English Name": "Mango Passion", "Size": "1.54 l", "Size Label": "ea"}, {"Category": "Juice", "Aisle": "Drinks", "Sku": "21438895_EA", "Regular Price": "3.29", "Sale Price": "2.99", "Image": "https://assets.shop.loblaws.ca/products/21438895/b1/en/front/21438895_front_a01_@2.png", "Brand": "Rougemont", "Url": "https://www.maxi.ca/apple-berry-mixed-fruit-juice-boxes/p/21438895_EA", "Sub Category": null, "English Name": "Apple Berry\u00a0Mixed Fruit Juice Boxes", "Size": "8x200.0 ml", "Size Label": "ea"}, {"Category": "Juice", "Aisle": "Drinks", "Sku": "21170681_EA", "Regular Price": "None", "Sale Price": "2.69", "Image": "https://assets.shop.loblaws.ca/products/21170681/b1/en/front/21170681_front_a01_@2.png", "Brand": "Peace Tea", "Url": "https://www.maxi.ca/peach-party/p/21170681_EA", "Sub Category": null, "English Name": "Peach Party", "Size": "1.75 l", "Size Label": "ea"}, {"Category": "Juice", "Aisle": "Drinks", "Sku": "21170670_EA", "Regular Price": "None", "Sale Price": "2.69", "Image": "https://assets.shop.loblaws.ca/products/21170670/b1/en/front/21170670_front_a01_@2.png", "Brand": "Peace Tea", "Url": "https://www.maxi.ca/razzleberry/p/21170670_EA", "Sub Category": null, "English Name": "Razzleberry", "Size": "1.75 l", "Size Label": "ea"}, {"Category": "Juice", "Aisle": "Drinks", "Sku": "21518094_EA", "Regular Price": "None", "Sale Price": "3.69", "Image": "https://assets.shop.loblaws.ca/products/21518094/b1/en/front/21518094_front_a01_@2.png", "Brand": "Allen's", "Url": "https://www.maxi.ca/cranberry-cocktail/p/21518094_EA", "Sub Category": null, "English Name": "Cranberry Cocktail", "Size": "1.89 l", "Size Label": "ea"}, {"Category": "Juice", "Aisle": "Drinks", "Sku": "21290793_EA", "Regular Price": "None", "Sale Price": "7.49", "Image": "https://assets.shop.loblaws.ca/products/21290793/b1/en/front/21290793_front_a01_@2.png", "Brand": "Bolthouse", "Url": "https://www.maxi.ca/daily-greens/p/21290793_EA", "Sub Category": null, "English Name": "Daily Greens", "Size": "946 ml", "Size Label": "ea"}, {"Category": "Juice", "Aisle": "Drinks", "Sku": "21003381_EA", "Regular Price": "None", "Sale Price": "4.29", "Image": "https://assets.shop.loblaws.ca/products/21003381/b1/en/front/21003381_front_a01_@2.png", "Brand": "Tradition", "Url": "https://www.maxi.ca/sparkling-apple-juice/p/21003381_EA", "Sub Category": null, "English Name": "Sparkling Apple Juice", "Size": "750 ml", "Size Label": "ea"}, {"Category": "Juice", "Aisle": "Drinks", "Sku": "21086076_EA", "Regular Price": "None", "Sale Price": "6.99", "Image": "https://assets.shop.loblaws.ca/products/21086076/b1/en/front/21086076_front_a01_@2.png", "Brand": "Gold Peak", "Url": "https://www.maxi.ca/lemon-tea-jug/p/21086076_EA", "Sub Category": null, "English Name": "Lemon Tea, Jug", "Size": "2.63 l", "Size Label": "ea"}, {"Category": "Juice", "Aisle": "Drinks", "Sku": "21031710_EA", "Regular Price": "None", "Sale Price": "4.99", "Image": "https://assets.shop.loblaws.ca/products/21031710/b1/en/front/21031710_front_a01_@2.png", "Brand": "Mott's", "Url": "https://www.maxi.ca/clamato-chunky-pub-style-rimmer/p/21031710_EA", "Sub Category": null, "English Name": "Clamato Chunky Pub Style Rimmer", "Size": "190 g", "Size Label": "ea"}, {"Category": "Juice", "Aisle": "Drinks", "Sku": "21425929_EA", "Regular Price": "None", "Sale Price": "3.49", "Image": "https://assets.shop.loblaws.ca/products/21425929/b1/en/front/21425929_front_a01_@2.png", "Brand": "President's Choice", "Url": "https://www.maxi.ca/pomegranate-lemonade/p/21425929_EA", "Sub Category": null, "English Name": "Pomegranate Lemonade", "Size": "1.89 l", "Size Label": "ea"}, {"Category": "Juice", "Aisle": "Drinks", "Sku": "21170789_EA", "Regular Price": "1.50", "Sale Price": "1.29", "Image": "https://assets.shop.loblaws.ca/products/21170789/b1/en/front/21170789_front_a01_@2.png", "Brand": "Simply", "Url": "https://www.maxi.ca/watermelon/p/21170789_EA", "Sub Category": null, "English Name": "Watermelon", "Size": "340 ml", "Size Label": "ea"}, {"Category": "Juice", "Aisle": "Drinks", "Sku": "21022542_EA", "Regular Price": "None", "Sale Price": "4.99", "Image": "https://assets.shop.loblaws.ca/products/21022542/b1/en/front/21022542_front_a01_@2.png", "Brand": "President's Choice", "Url": "https://www.maxi.ca/dark-roast-black-cold-brew-coffee/p/21022542_EA", "Sub Category": null, "English Name": "Dark Roast Black Cold Brew Coffee", "Size": "900 ml", "Size Label": "ea"}, {"Category": "Juice", "Aisle": "Drinks", "Sku": "20315635001_EA", "Regular Price": "None", "Sale Price": "4.29", "Image": "https://assets.shop.loblaws.ca/products/20315635001/b1/en/front/20315635001_front_a01_@2.png", "Brand": "Tropicana", "Url": "https://www.maxi.ca/tropics-orange-strawberry/p/20315635001_EA", "Sub Category": null, "English Name": "Tropics Orange Strawberry", "Size": "1.75 l", "Size Label": "ea"}, {"Category": "Juice", "Aisle": "Drinks", "Sku": "20300006003_EA", "Regular Price": "None", "Sale Price": "4.79", "Image": "https://assets.shop.loblaws.ca/products/20300006003/b1/en/front/20300006003_front_a01_@2.png", "Brand": "Ocean Spray", "Url": "https://www.maxi.ca/diet-cranberry-juice/p/20300006003_EA", "Sub Category": null, "English Name": "Diet Cranberry Juice", "Size": "1.89 l", "Size Label": "ea"}, {"Category": "Juice", "Aisle": "Drinks", "Sku": "20860007_EA", "Regular Price": "None", "Sale Price": "2.99", "Image": "https://assets.shop.loblaws.ca/products/20860007/b1/en/front/20860007_front_a01_@2.png", "Brand": "No Name", "Url": "https://www.maxi.ca/pink-lemonade/p/20860007_EA", "Sub Category": null, "English Name": "Pink Lemonade", "Size": "1.75 l", "Size Label": "ea"}, {"Category": "Juice", "Aisle": "Drinks", "Sku": "21004964_EA", "Regular Price": "None", "Sale Price": "4.79", "Image": "https://assets.shop.loblaws.ca/products/21004964/b1/en/front/21004964_front_a01_@2.png", "Brand": "Ocean Spray", "Url": "https://www.maxi.ca/cran-pineapple-diet-low-calorie-beverage/p/21004964_EA", "Sub Category": null, "English Name": "Cran-Pineapple Diet Low Calorie Beverage", "Size": "1.89 l", "Size Label": "ea"}, {"Category": "Juice", "Aisle": "Drinks", "Sku": "21529938_EA", "Regular Price": "4.79", "Sale Price": "3.99", "Image": "https://assets.shop.loblaws.ca/products/21529938/b1/en/front/21529938_front_a01_@2.png", "Brand": "Oasis", "Url": "https://www.maxi.ca/smoothie-green-activ/p/21529938_EA", "Sub Category": null, "English Name": "Smoothie Green Activ", "Size": "1.6 l", "Size Label": "ea"}, {"Category": "Juice", "Aisle": "Drinks", "Sku": "20767362_EA", "Regular Price": "1.50", "Sale Price": "1.29", "Image": "https://assets.shop.loblaws.ca/products/20767362/b1/en/front/20767362_front_a01_@2.png", "Brand": "Simply", "Url": "https://www.maxi.ca/orange-juice/p/20767362_EA", "Sub Category": null, "English Name": "Orange Juice", "Size": "340 ml", "Size Label": "ea"}, {"Category": "Juice", "Aisle": "Drinks", "Sku": "21080954_EA", "Regular Price": "None", "Sale Price": "2.49", "Image": "https://assets.shop.loblaws.ca/products/21080954/b1/en/front/21080954_front_a01_@2.png", "Brand": "President's Choice", "Url": "https://www.maxi.ca/100-mango-juice/p/21080954_EA", "Sub Category": null, "English Name": "100% Mango Juice ", "Size": "1 l", "Size Label": "ea"}, {"Category": "Juice", "Aisle": "Drinks", "Sku": "20185265001_EA", "Regular Price": "None", "Sale Price": "3.49", "Image": "https://assets.shop.loblaws.ca/products/20185265001/b1/en/front/20185265001_front_a01_@2.png", "Brand": "Rougemont", "Url": "https://www.maxi.ca/no-sugar-added-low-acid-mellow-apple-juice/p/20185265001_EA", "Sub Category": null, "English Name": "No Sugar Added Low Acid Mellow Apple Juice", "Size": "2 l", "Size Label": "ea"}, {"Category": "Juice", "Aisle": "Drinks", "Sku": "21061913_EA", "Regular Price": "3.99", "Sale Price": "2.49", "Image": "https://assets.shop.loblaws.ca/products/21061913/b1/en/front/21061913_front_a01_@2.png", "Brand": "President's Choice", "Url": "https://www.maxi.ca/100-apple-juice/p/21061913_EA", "Sub Category": null, "English Name": "100% Apple Juice", "Size": "10x200.0 ml", "Size Label": "ea"}, {"Category": "Juice", "Aisle": "Drinks", "Sku": "21209809_EA", "Regular Price": "None", "Sale Price": "5.49", "Image": "https://assets.shop.loblaws.ca/products/21209809/b1/en/front/21209809_front_a01_@2.png", "Brand": "Tropicana", "Url": "https://www.maxi.ca/red-grapefruit/p/21209809_EA", "Sub Category": null, "English Name": "Red Grapefruit", "Size": "1.54 l", "Size Label": "ea"}, {"Category": "Juice", "Aisle": "Drinks", "Sku": "21354951_EA", "Regular Price": "None", "Sale Price": "4.29", "Image": "https://assets.shop.loblaws.ca/products/21354951/b1/en/front/21354951_front_a01_@2.png", "Brand": "Tropicana", "Url": "https://www.maxi.ca/pineapple-mango-with-lime-beverage/p/21354951_EA", "Sub Category": null, "English Name": "Pineapple Mango With Lime Beverage  ", "Size": "1.54 l", "Size Label": "ea"}, {"Category": "Juice", "Aisle": "Drinks", "Sku": "20882790_EA", "Regular Price": "1.50", "Sale Price": "1.29", "Image": "https://assets.shop.loblaws.ca/products/20882790/b1/en/front/20882790_front_a01_@2.png", "Brand": "Minute Maid", "Url": "https://www.maxi.ca/raspberry-lemonade/p/20882790_EA", "Sub Category": null, "English Name": "Raspberry Lemonade", "Size": "340 ml", "Size Label": "ea"}, {"Category": "Juice", "Aisle": "Drinks", "Sku": "21529904_EA", "Regular Price": "None", "Sale Price": "3.99", "Image": "https://assets.shop.loblaws.ca/products/21529904/b1/en/front/21529904_front_a01_@2.png", "Brand": "Oasis", "Url": "https://www.maxi.ca/juice-blood-orange-cranberry-pomegranate/p/21529904_EA", "Sub Category": null, "English Name": "Juice, Blood Orange Cranberry Pomegranate", "Size": "1.6 l", "Size Label": "ea"}, {"Category": "Juice", "Aisle": "Drinks", "Sku": "20079976002_EA", "Regular Price": "2.79", "Sale Price": "2.49", "Image": "https://assets.shop.loblaws.ca/products/20079976002/b1/en/front/20079976002_front_a01_@2.png", "Brand": "Kool-Aid", "Url": "https://www.maxi.ca/jammers-cherry/p/20079976002_EA", "Sub Category": null, "English Name": "Jammers, Cherry", "Size": "10x180.0 ml", "Size Label": "ea"}, {"Category": "Juice", "Aisle": "Drinks", "Sku": "21529910_EA", "Regular Price": "4.79", "Sale Price": "3.99", "Image": "https://assets.shop.loblaws.ca/products/21529910/b1/en/front/21529910_front_a01_@2.png", "Brand": "Oasis", "Url": "https://www.maxi.ca/smoothie-strawberry-banana/p/21529910_EA", "Sub Category": null, "English Name": "Smoothie Strawberry Banana", "Size": "1.6 l", "Size Label": "ea"}, {"Category": "Juice", "Aisle": "Drinks", "Sku": "21170793_EA", "Regular Price": "None", "Sale Price": "5.49", "Image": "https://assets.shop.loblaws.ca/products/21170793/b1/en/front/21170793_front_a01_@2.png", "Brand": "Simply", "Url": "https://www.maxi.ca/lemonade-bottle/p/21170793_EA", "Sub Category": null, "English Name": "Lemonade, Bottle", "Size": "1.54 l", "Size Label": "ea"}, {"Category": "Juice", "Aisle": "Drinks", "Sku": "20315635002_EA", "Regular Price": "None", "Sale Price": "4.29", "Image": "https://assets.shop.loblaws.ca/products/20315635002/b1/en/front/20315635002_front_a01_@2.png", "Brand": "Tropicana", "Url": "https://www.maxi.ca/tropics-orange-peach-mang/p/20315635002_EA", "Sub Category": null, "English Name": "Tropics Orange Peach Mang", "Size": "1.75 l", "Size Label": "ea"}, {"Category": "Juice", "Aisle": "Drinks", "Sku": "20162177002_EA", "Regular Price": "None", "Sale Price": "2.49", "Image": "https://assets.shop.loblaws.ca/products/20162177002/b1/en/front/20162177002_front_a01_@2.png", "Brand": "Mott's", "Url": "https://www.maxi.ca/garden-cocktail/p/20162177002_EA", "Sub Category": null, "English Name": "Garden Cocktail", "Size": "945 ml", "Size Label": "ea"}, {"Category": "Juice", "Aisle": "Drinks", "Sku": "21430637_EA", "Regular Price": "None", "Sale Price": "4.99", "Image": "https://assets.shop.loblaws.ca/products/21430637/b1/en/front/21430637_front_a01_@2.png", "Brand": "President's Choice", "Url": "https://www.maxi.ca/lavender-flavour-white-tea/p/21430637_EA", "Sub Category": null, "English Name": "Lavender Flavour White Tea", "Size": "1.54 l", "Size Label": "ea"}, {"Category": "Juice", "Aisle": "Drinks", "Sku": "20340058005_EA", "Regular Price": "None", "Sale Price": "2.19", "Image": "https://assets.shop.loblaws.ca/products/20340058005/b1/en/front/20340058005_front_a01_@2.png", "Brand": "Fruite", "Url": "https://www.maxi.ca/peach-drink/p/20340058005_EA", "Sub Category": null, "English Name": "Peach Drink", "Size": "2 l", "Size Label": "ea"}, {"Category": "Juice", "Aisle": "Drinks", "Sku": "20755752001_EA", "Regular Price": "None", "Sale Price": "4.29", "Image": "https://assets.shop.loblaws.ca/products/20755752001/b1/en/front/20755752001_front_a01_@2.png", "Brand": "Pure Leaf", "Url": "https://www.maxi.ca/raspberry-iced-tea/p/20755752001_EA", "Sub Category": null, "English Name": "Raspberry Iced Tea", "Size": "1.75 l", "Size Label": "ea"}, {"Category": "Juice", "Aisle": "Drinks", "Sku": "20325816_EA", "Regular Price": "None", "Sale Price": "7.49", "Image": "https://assets.shop.loblaws.ca/products/20325816/b1/en/front/20325816_front_a01_@2.png", "Brand": "Bolthouse", "Url": "https://www.maxi.ca/berry-boost/p/20325816_EA", "Sub Category": null, "English Name": "Berry Boost", "Size": "946 ml", "Size Label": "ea"}, {"Category": "Juice", "Aisle": "Drinks", "Sku": "20316397_EA", "Regular Price": "None", "Sale Price": "7.49", "Image": "https://assets.shop.loblaws.ca/products/20316397/b1/en/front/20316397_front_a01_@2.png", "Brand": "Bolthouse", "Url": "https://www.maxi.ca/strawberry-banana/p/20316397_EA", "Sub Category": null, "English Name": "Strawberry Banana", "Size": "946 ml", "Size Label": "ea"}, {"Category": "Juice", "Aisle": "Drinks", "Sku": "21401735_EA", "Regular Price": "None", "Sale Price": "4.29", "Image": "https://assets.shop.loblaws.ca/products/21401735/b1/en/front/21401735_front_a01_@2.png", "Brand": "Tradition", "Url": "https://www.maxi.ca/clementine-lemonade-sparkling/p/21401735_EA", "Sub Category": null, "English Name": "Clementine Lemonade Sparkling", "Size": "750 ml", "Size Label": "ea"}, {"Category": "Juice", "Aisle": "Drinks", "Sku": "20347440002_EA", "Regular Price": "None", "Sale Price": "2.69", "Image": "https://assets.shop.loblaws.ca/products/20347440002/b1/en/front/20347440002_front_a01_@2.png", "Brand": "Fruitopia", "Url": "https://www.maxi.ca/fruit-integration-fruit-beverage/p/20347440002_EA", "Sub Category": null, "English Name": "Fruit Integration Fruit Beverage", "Size": "1.75 l", "Size Label": "ea"}, {"Category": "Juice", "Aisle": "Drinks", "Sku": "20320745003_EA", "Regular Price": "None", "Sale Price": "3.99", "Image": "https://assets.shop.loblaws.ca/products/20320745003/b1/en/front/20320745003_front_a01_@2.png", "Brand": "Oasis", "Url": "https://www.maxi.ca/berry-pomegranate-antioxidant-juice/p/20320745003_EA", "Sub Category": null, "English Name": "Berry Pomegranate\u00a0Antioxidant Juice", "Size": "1.75 l", "Size Label": "ea"}, {"Category": "Juice", "Aisle": "Drinks", "Sku": "20345605002_EA", "Regular Price": "None", "Sale Price": "4.89", "Image": "https://assets.shop.loblaws.ca/products/20345605002/b1/en/front/20345605002_front_a01_@2.png", "Brand": "Minute Maid", "Url": "https://www.maxi.ca/low-acid-nutri-bone-support-100-orange-juice-carto/p/20345605002_EA", "Sub Category": null, "English Name": "Low Acid Nutri Bone Support 100% Orange Juice, Carton", "Size": "1.75 l", "Size Label": "ea"}, {"Category": "Juice", "Aisle": "Drinks", "Sku": "20077351003_EA", "Regular Price": "None", "Sale Price": "3.99", "Image": "https://assets.shop.loblaws.ca/products/20077351003/b1/en/front/20077351003_front_a01_@2.png", "Brand": "V8", "Url": "https://www.maxi.ca/v-go-vegetable-cocktail-low-sodium/p/20077351003_EA", "Sub Category": null, "English Name": "V-Go Vegetable Cocktail, Low Sodium", "Size": "1.89 l", "Size Label": "ea"}, {"Category": "Juice", "Aisle": "Drinks", "Sku": "21435672_EA", "Regular Price": "2.99", "Sale Price": "2.49", "Image": "https://assets.shop.loblaws.ca/products/21435672/b1/en/front/21435672_front_a01_@2.png", "Brand": "Allen's", "Url": "https://www.maxi.ca/grape-cocktail-juice-boxes/p/21435672_EA", "Sub Category": null, "English Name": "Grape Cocktail Juice Boxes", "Size": "8x200.0 ml", "Size Label": "ea"}, {"Category": "Juice", "Aisle": "Drinks", "Sku": "21430552_EA", "Regular Price": "None", "Sale Price": "4.89", "Image": "https://assets.shop.loblaws.ca/products/21430552/b1/en/front/21430552_front_a01_@2.png", "Brand": "President's Choice", "Url": "https://www.maxi.ca/strawberry-lemonade/p/21430552_EA", "Sub Category": null, "English Name": "Strawberry Lemonade", "Size": "1.54 l", "Size Label": "ea"}, {"Category": "Juice", "Aisle": "Drinks", "Sku": "20307025002_EA", "Regular Price": "3.49", "Sale Price": "2.99", "Image": "https://assets.shop.loblaws.ca/products/20307025002/b1/en/front/20307025002_front_a01_@2.png", "Brand": "PC Blue Menu", "Url": "https://www.maxi.ca/cranberry-cocktail/p/20307025002_EA", "Sub Category": null, "English Name": "Cranberry Cocktail", "Size": "1.89 l", "Size Label": "ea"}, {"Category": "Juice", "Aisle": "Drinks", "Sku": "21080958_EA", "Regular Price": "None", "Sale Price": "2.49", "Image": "https://assets.shop.loblaws.ca/products/21080958/b1/en/front/21080958_front_a01_@2.png", "Brand": "President's Choice", "Url": "https://www.maxi.ca/100-pineapple-juice/p/21080958_EA", "Sub Category": null, "English Name": "100% Pineapple Juice", "Size": "1 l", "Size Label": "ea"}, {"Category": "Juice", "Aisle": "Drinks", "Sku": "20302606_EA", "Regular Price": "None", "Sale Price": "2.19", "Image": "https://assets.shop.loblaws.ca/products/20302606/b1/en/front/20302606_front_a01_@2.png", "Brand": "Fruite", "Url": "https://www.maxi.ca/grape-drink/p/20302606_EA", "Sub Category": null, "English Name": "Grape Drink", "Size": "2 l", "Size Label": "ea"}, {"Category": "Juice", "Aisle": "Drinks", "Sku": "20297564003_EA", "Regular Price": "None", "Sale Price": "2.49", "Image": "https://assets.shop.loblaws.ca/products/20297564003/b1/en/front/20297564003_front_a01_@2.png", "Brand": "V8", "Url": "https://www.maxi.ca/v-go-vegetable-cocktail/p/20297564003_EA", "Sub Category": null, "English Name": "V-GO Vegetable Cocktail", "Size": "6x156.0 ml", "Size Label": "ea"}, {"Category": "Juice", "Aisle": "Drinks", "Sku": "20077351001_EA", "Regular Price": "None", "Sale Price": "3.99", "Image": "https://assets.shop.loblaws.ca/products/20077351001/b1/en/front/20077351001_front_a01_@2.png", "Brand": "V8", "Url": "https://www.maxi.ca/v-go-vegetable-cocktail-original/p/20077351001_EA", "Sub Category": null, "English Name": "V-Go Vegetable Cocktail, Original", "Size": "1.89 l", "Size Label": "ea"}, {"Category": "Juice", "Aisle": "Drinks", "Sku": "21529905_EA", "Regular Price": "None", "Sale Price": "3.99", "Image": "https://assets.shop.loblaws.ca/products/21529905/b1/en/front/21529905_front_a01_@2.png", "Brand": "Oasis", "Url": "https://www.maxi.ca/juice-orchard-fruits/p/21529905_EA", "Sub Category": null, "English Name": "Juice, Orchard Fruits", "Size": "1.6 l", "Size Label": "ea"}, {"Category": "Juice", "Aisle": "Drinks", "Sku": "20315996001_EA", "Regular Price": "2.99", "Sale Price": "2.49", "Image": "https://assets.shop.loblaws.ca/products/20315996001/b1/en/front/20315996001_front_a01_@2.png", "Brand": "Allen's", "Url": "https://www.maxi.ca/peach-cocktail/p/20315996001_EA", "Sub Category": null, "English Name": "Peach Cocktail", "Size": "8x200.0 ml", "Size Label": "ea"}, {"Category": "Juice", "Aisle": "Drinks", "Sku": "21354941_EA", "Regular Price": "None", "Sale Price": "4.29", "Image": "https://assets.shop.loblaws.ca/products/21354941/b1/en/front/21354941_front_a01_@2.png", "Brand": "Tropicana", "Url": "https://www.maxi.ca/watermelon-beverage/p/21354941_EA", "Sub Category": null, "English Name": "Watermelon Beverage     ", "Size": "1.54 l", "Size Label": "ea"}, {"Category": "Juice", "Aisle": "Drinks", "Sku": "21203739_EA", "Regular Price": "None", "Sale Price": "8.49", "Image": "https://assets.shop.loblaws.ca/products/21203739/b1/en/front/21203739_front_a01_@2.png", "Brand": "Danone", "Url": "https://www.maxi.ca/cold-brew-coffee-black-unsweetened-no-cream/p/21203739_EA", "Sub Category": null, "English Name": "Cold Brew Coffee, Black, Unsweetened, No Cream", "Size": "1.42 l", "Size Label": "ea"}, {"Category": "Juice", "Aisle": "Drinks", "Sku": "21437381_EA", "Regular Price": "None", "Sale Price": "4.99", "Image": "https://assets.shop.loblaws.ca/products/21437381/b1/en/front/21437381_front_a01_@2.png", "Brand": "Del Monte", "Url": "https://www.maxi.ca/guava-mango-fruit-juice-cocktail-blend/p/21437381_EA", "Sub Category": null, "English Name": "Guava-Mango\u00a0Fruit Juice Cocktail\u00a0Blend", "Size": "2.5 l", "Size Label": "ea"}, {"Category": "Juice", "Aisle": "Drinks", "Sku": "21170784_EA", "Regular Price": "None", "Sale Price": "5.49", "Image": "https://assets.shop.loblaws.ca/products/21170784/b1/en/front/21170784_front_a01_@2.png", "Brand": "Simply", "Url": "https://www.maxi.ca/lemonade-with-raspberry-bottle/p/21170784_EA", "Sub Category": null, "English Name": "Lemonade With Raspberry, Bottle", "Size": "1.54 l", "Size Label": "ea"}, {"Category": "Juice", "Aisle": "Drinks", "Sku": "21506771_EA", "Regular Price": "None", "Sale Price": "4.89", "Image": "https://assets.shop.loblaws.ca/products/21506771/b1/en/front/21506771_front_a01_@2.png", "Brand": "President's Choice", "Url": "https://www.maxi.ca/calamansi-lemonade/p/21506771_EA", "Sub Category": null, "English Name": "Calamansi Lemonade", "Size": "1.54 l", "Size Label": "ea"}, {"Category": "Juice", "Aisle": "Drinks", "Sku": "20069494_EA", "Regular Price": "None", "Sale Price": "8.99", "Image": "https://assets.shop.loblaws.ca/products/20069494/b1/en/front/20069494_front_a01_@2.png", "Brand": "Bolthouse", "Url": "https://www.maxi.ca/green-goodness/p/20069494_EA", "Sub Category": null, "English Name": "Green Goodness", "Size": "1.54 l", "Size Label": "ea"}, {"Category": "Soft Drinks", "Aisle": "Drinks", "Sku": "20318694002_C12", "Regular Price": "None", "Sale Price": "6.49", "Image": "https://assets.shop.loblaws.ca/products/20318694002/b1/en/front/20318694002_front_a01_@2.png", "Brand": "Coca-Cola", "Url": "https://www.maxi.ca/soda/p/20318694002_C12", "Sub Category": null, "English Name": "Soda ", "Size": "12x355.0 ml", "Size Label": "pack of 12"}, {"Category": "Soft Drinks", "Aisle": "Drinks", "Sku": "20318694001_C12", "Regular Price": "None", "Sale Price": "6.49", "Image": "https://assets.shop.loblaws.ca/products/20318694001/b1/en/front/20318694001_front_a01_@2.png", "Brand": "Coca-Cola", "Url": "https://www.maxi.ca/zero-sugar-12-pack/p/20318694001_C12", "Sub Category": null, "English Name": "Zero Sugar, 12 pack", "Size": "12x355.0 ml", "Size Label": "c12"}, {"Category": "Soft Drinks", "Aisle": "Drinks", "Sku": "20307569004_C12", "Regular Price": "None", "Sale Price": "6.49", "Image": "https://assets.shop.loblaws.ca/products/20307569004/b1/en/front/20307569004_front_a01_@2.png", "Brand": "Canada Dry", "Url": "https://www.maxi.ca/ginger-ale-12-pack/p/20307569004_C12", "Sub Category": null, "English Name": "Ginger Ale, 12 Pack", "Size": "12x355.0 ml", "Size Label": "c12"}, {"Category": "Soft Drinks", "Aisle": "Drinks", "Sku": "20316026002_EA", "Regular Price": "2.49", "Sale Price": "1.33", "Image": "https://assets.shop.loblaws.ca/products/20316026002/b1/en/front/20316026002_front_a01_@2.png", "Brand": "Coca-Cola", "Url": "https://www.maxi.ca/bottle/p/20316026002_EA", "Sub Category": null, "English Name": "Bottle", "Size": "2 l", "Size Label": "ea"}, {"Category": "Soft Drinks", "Aisle": "Drinks", "Sku": "20312861001_EA", "Regular Price": "None", "Sale Price": "9.99", "Image": "https://assets.shop.loblaws.ca/products/20312861001/b1/en/front/20312861001_front_a01_@2.png", "Brand": "Maxwell House", "Url": "https://www.maxi.ca/original-roast-ground-coffee/p/20312861001_EA", "Sub Category": null, "English Name": "Original Roast Ground Coffee", "Size": "925 g", "Size Label": "ea"}, {"Category": "Soft Drinks", "Aisle": "Drinks", "Sku": "20296926002_EA", "Regular Price": "1.99", "Sale Price": "1.33", "Image": "https://assets.shop.loblaws.ca/products/20296926002/b1/en/front/20296926002_front_a01_@2.png", "Brand": "Pepsi", "Url": "https://www.maxi.ca/soda/p/20296926002_EA", "Sub Category": null, "English Name": "Soda      ", "Size": "2 l", "Size Label": "ea"}, {"Category": "Soft Drinks", "Aisle": "Drinks", "Sku": "20318694003_C12", "Regular Price": "None", "Sale Price": "6.49", "Image": "https://assets.shop.loblaws.ca/products/20318694003/b1/en/front/20318694003_front_a01_@2.png", "Brand": "Coca-Cola", "Url": "https://www.maxi.ca/diet-coke/p/20318694003_C12", "Sub Category": null, "English Name": "Diet Coke  ", "Size": "12x355.0 ml", "Size Label": "pack of 12"}, {"Category": "Soft Drinks", "Aisle": "Drinks", "Sku": "20322361002_C12", "Regular Price": "None", "Sale Price": "6.79", "Image": "https://assets.shop.loblaws.ca/products/20322361002/b1/en/front/20322361002_front_a01_@2.png", "Brand": "Pepsi", "Url": "https://www.maxi.ca/soda/p/20322361002_C12", "Sub Category": null, "English Name": "Soda ", "Size": "12x355.0 ml", "Size Label": "ea"}, {"Category": "Soft Drinks", "Aisle": "Drinks", "Sku": "20311362001_EA", "Regular Price": "2.49", "Sale Price": "1.33", "Image": "https://assets.shop.loblaws.ca/products/20311362001/b1/en/front/20311362001_front_a01_@2.png", "Brand": "Canada Dry", "Url": "https://www.maxi.ca/ginger-ale-bottle/p/20311362001_EA", "Sub Category": null, "English Name": "Ginger Ale, Bottle", "Size": "2 l", "Size Label": "ea"}, {"Category": "Soft Drinks", "Aisle": "Drinks", "Sku": "21308076_EA", "Regular Price": "17.99", "Sale Price": "12.99", "Image": "https://assets.shop.loblaws.ca/products/21308076/b1/en/front/21308076_front_a01_@2.png", "Brand": "Maxwell House", "Url": "https://www.maxi.ca/original-roast-coffee-100-compostable-k-cup-coffee/p/21308076_EA", "Sub Category": null, "English Name": "Original Roast Coffee 100% Compostable K Cup Coffee Pods", "Size": "285 g", "Size Label": "ea"}, {"Category": "Soft Drinks", "Aisle": "Drinks", "Sku": "20316026005_EA", "Regular Price": "2.49", "Sale Price": "1.33", "Image": "https://assets.shop.loblaws.ca/products/20316026005/b1/en/front/20316026005_front_a01_@2.png", "Brand": "Coca-Cola", "Url": "https://www.maxi.ca/zero-sugar-bottle/p/20316026005_EA", "Sub Category": null, "English Name": "Zero Sugar, Bottle", "Size": "2 l", "Size Label": "ea"}, {"Category": "Soft Drinks", "Aisle": "Drinks", "Sku": "20296926003_EA", "Regular Price": "1.99", "Sale Price": "1.33", "Image": "https://assets.shop.loblaws.ca/products/20296926003/b1/en/front/20296926003_front_a01_@2.png", "Brand": "Pepsi", "Url": "https://www.maxi.ca/diet-soda/p/20296926003_EA", "Sub Category": null, "English Name": "Diet Soda", "Size": "2 l", "Size Label": "ea"}, {"Category": "Soft Drinks", "Aisle": "Drinks", "Sku": "20306687002_C24", "Regular Price": "None", "Sale Price": "12.49", "Image": "https://assets.shop.loblaws.ca/products/20306687002/b1/en/front/20306687002_front_a01_@2.png", "Brand": "Pepsi", "Url": "https://www.maxi.ca/pespi-cans/p/20306687002_C24", "Sub Category": null, "English Name": "Pespi Cans  ", "Size": "24x355.0 ml", "Size Label": "pack of 24"}, {"Category": "Soft Drinks", "Aisle": "Drinks", "Sku": "20313741002_C06", "Regular Price": "None", "Sale Price": "5.29", "Image": "https://assets.shop.loblaws.ca/products/20313741002/b1/en/front/20313741002_front_a01_@2.png", "Brand": "Coca-Cola", "Url": "https://www.maxi.ca/soda/p/20313741002_C06", "Sub Category": null, "English Name": "Soda ", "Size": "6x710.0 ml", "Size Label": "pack of 6"}, {"Category": "Soft Drinks", "Aisle": "Drinks", "Sku": "20308197001_C24", "Regular Price": "None", "Sale Price": "12.49", "Image": "https://assets.shop.loblaws.ca/products/20308197001/b1/en/front/20308197001_front_a01_@2.png", "Brand": "Coca-Cola", "Url": "https://www.maxi.ca/cola/p/20308197001_C24", "Sub Category": null, "English Name": "Cola  ", "Size": "24x355.0 ml", "Size Label": "pack of 24"}, {"Category": "Soft Drinks", "Aisle": "Drinks", "Sku": "20690671001_C12", "Regular Price": "None", "Sale Price": "4.99", "Image": "https://assets.shop.loblaws.ca/products/20690671001/b1/en/front/20690671001_front_a01_@2.png", "Brand": "President's Choice", "Url": "https://www.maxi.ca/low-sodium-club-soda/p/20690671001_C12", "Sub Category": null, "English Name": "Low Sodium Club Soda", "Size": "12x355.0 ml", "Size Label": "pack of 12"}, {"Category": "Soft Drinks", "Aisle": "Drinks", "Sku": "20322361004_C12", "Regular Price": "None", "Sale Price": "6.79", "Image": "https://assets.shop.loblaws.ca/products/20322361004/b1/en/front/20322361004_front_a01_@2.png", "Brand": "Pepsi", "Url": "https://www.maxi.ca/diet-soda/p/20322361004_C12", "Sub Category": null, "English Name": "Diet Soda", "Size": "12x355.0 ml", "Size Label": "c12"}, {"Category": "Soft Drinks", "Aisle": "Drinks", "Sku": "20307569003_C12", "Regular Price": "None", "Sale Price": "6.49", "Image": "https://assets.shop.loblaws.ca/products/20307569003/b1/en/front/20307569003_front_a01_@2.png", "Brand": "Canada Dry", "Url": "https://www.maxi.ca/limited-edition-cranberry-ginger-ale/p/20307569003_C12", "Sub Category": null, "English Name": "Limited Edition Cranberry Ginger Ale", "Size": "12x355.0 ml", "Size Label": "c12"}, {"Category": "Soft Drinks", "Aisle": "Drinks", "Sku": "20313741001_C06", "Regular Price": "None", "Sale Price": "5.29", "Image": "https://assets.shop.loblaws.ca/products/20313741001/b1/en/front/20313741001_front_a01_@2.png", "Brand": "Coca-Cola", "Url": "https://www.maxi.ca/zero-sugar/p/20313741001_C06", "Sub Category": null, "English Name": "Zero Sugar     ", "Size": "6x710.0 ml", "Size Label": "pack of 6"}, {"Category": "Soft Drinks", "Aisle": "Drinks", "Sku": "20311645004_EA", "Regular Price": "None", "Sale Price": "1.29", "Image": "https://assets.shop.loblaws.ca/products/20311645004/b1/en/front/20311645004_front_a01_@2.png", "Brand": "President's Choice", "Url": "https://www.maxi.ca/ginger-ale/p/20311645004_EA", "Sub Category": null, "English Name": "Ginger Ale", "Size": "2 l", "Size Label": "ea"}, {"Category": "Soft Drinks", "Aisle": "Drinks", "Sku": "21203621_C12", "Regular Price": "None", "Sale Price": "6.49", "Image": "https://assets.shop.loblaws.ca/products/21203621/b1/en/front/21203621_front_a01_@2.png", "Brand": "Canada Dry", "Url": "https://www.maxi.ca/limited-edition-diet-cranberry-ginger-ale/p/21203621_C12", "Sub Category": null, "English Name": "Limited Edition Diet Cranberry Ginger Ale", "Size": "12x355.0 ml", "Size Label": "c12"}, {"Category": "Soft Drinks", "Aisle": "Drinks", "Sku": "20316026001_EA", "Regular Price": "2.49", "Sale Price": "1.33", "Image": "https://assets.shop.loblaws.ca/products/20316026001/b1/en/front/20316026001_front_a01_@2.png", "Brand": "Coca-Cola", "Url": "https://www.maxi.ca/diet-bottle/p/20316026001_EA", "Sub Category": null, "English Name": "Diet , Bottle", "Size": "2 l", "Size Label": "ea"}, {"Category": "Soft Drinks", "Aisle": "Drinks", "Sku": "20316417001_C12", "Regular Price": "None", "Sale Price": "6.49", "Image": "https://assets.shop.loblaws.ca/products/20316417001/b1/en/front/20316417001_front_a01_@2.png", "Brand": "Fresca", "Url": "https://www.maxi.ca/soda/p/20316417001_C12", "Sub Category": null, "English Name": "Soda ", "Size": "12x355.0 ml", "Size Label": "pack of 12"}, {"Category": "Soft Drinks", "Aisle": "Drinks", "Sku": "20310546002_C06", "Regular Price": "None", "Sale Price": "4.99", "Image": "https://assets.shop.loblaws.ca/products/20310546002/b1/en/front/20310546002_front_a01_@2.png", "Brand": "Pepsi", "Url": "https://www.maxi.ca/soda/p/20310546002_C06", "Sub Category": null, "English Name": "Soda      ", "Size": "6x710.0 ml", "Size Label": "pack of 6"}, {"Category": "Soft Drinks", "Aisle": "Drinks", "Sku": "20827293_EA", "Regular Price": "None", "Sale Price": "2.49", "Image": "https://assets.shop.loblaws.ca/products/20827293/b1/en/front/20827293_front_a01_@2.png", "Brand": "Coca-Cola", "Url": "https://www.maxi.ca/classic-500-ml-bottle/p/20827293_EA", "Sub Category": null, "English Name": "Classic 500 ml Bottle", "Size": "500 ml", "Size Label": "ea"}, {"Category": "Soft Drinks", "Aisle": "Drinks", "Sku": "20307968001_EA", "Regular Price": "1.99", "Sale Price": "1.33", "Image": "https://assets.shop.loblaws.ca/products/20307968001/b1/en/front/20307968001_front_a01_@2.png", "Brand": "7Up", "Url": "https://www.maxi.ca/soda/p/20307968001_EA", "Sub Category": null, "English Name": "Soda      ", "Size": "2 l", "Size Label": "ea"}, {"Category": "Soft Drinks", "Aisle": "Drinks", "Sku": "20308197003_C24", "Regular Price": "None", "Sale Price": "12.49", "Image": "https://assets.shop.loblaws.ca/products/20308197003/b1/en/front/20308197003_front_a01_@2.png", "Brand": "Coca-Cola", "Url": "https://www.maxi.ca/diet-coke-cans/p/20308197003_C24", "Sub Category": null, "English Name": "Diet Coke Cans  ", "Size": "24x355.0 ml", "Size Label": "c24"}, {"Category": "Soft Drinks", "Aisle": "Drinks", "Sku": "20311645003_EA", "Regular Price": "None", "Sale Price": "1.29", "Image": "https://assets.shop.loblaws.ca/products/20311645003/b1/en/front/20311645003_front_a01_@2.png", "Brand": "President's Choice", "Url": "https://www.maxi.ca/cola/p/20311645003_EA", "Sub Category": null, "English Name": "Cola", "Size": "2 l", "Size Label": "ea"}, {"Category": "Soft Drinks", "Aisle": "Drinks", "Sku": "20857560004_C06", "Regular Price": "None", "Sale Price": "3.99", "Image": "https://assets.shop.loblaws.ca/products/20857560004/b1/en/front/20857560004_front_a01_@2.png", "Brand": "Pepsi", "Url": "https://www.maxi.ca/soda/p/20857560004_C06", "Sub Category": null, "English Name": "Soda      ", "Size": "6x222.0 ml", "Size Label": "pack of 6"}, {"Category": "Soft Drinks", "Aisle": "Drinks", "Sku": "20319214002_C12", "Regular Price": "None", "Sale Price": "6.49", "Image": "https://assets.shop.loblaws.ca/products/20319214002/b1/en/front/20319214002_front_a01_@2.png", "Brand": "Sprite", "Url": "https://www.maxi.ca/soda/p/20319214002_C12", "Sub Category": null, "English Name": "Soda ", "Size": "12x355.0 ml", "Size Label": "pack of 12"}, {"Category": "Soft Drinks", "Aisle": "Drinks", "Sku": "20306687001_C24", "Regular Price": "None", "Sale Price": "12.49", "Image": "https://assets.shop.loblaws.ca/products/20306687001/b1/en/front/20306687001_front_a01_@2.png", "Brand": "Pepsi", "Url": "https://www.maxi.ca/diet-soda/p/20306687001_C24", "Sub Category": null, "English Name": "Diet Soda", "Size": "24x355.0 ml", "Size Label": "pack of 24"}, {"Category": "Soft Drinks", "Aisle": "Drinks", "Sku": "20313741003_C06", "Regular Price": "None", "Sale Price": "5.29", "Image": "https://assets.shop.loblaws.ca/products/20313741003/b1/en/front/20313741003_front_a01_@2.png", "Brand": "Coca-Cola", "Url": "https://www.maxi.ca/diet-coke/p/20313741003_C06", "Sub Category": null, "English Name": "Diet Coke  ", "Size": "6x710.0 ml", "Size Label": "pack of 6"}, {"Category": "Soft Drinks", "Aisle": "Drinks", "Sku": "20321598002_EA", "Regular Price": "None", "Sale Price": "2.69", "Image": "https://assets.shop.loblaws.ca/products/20321598002/b1/en/front/20321598002_front_a01_@2.png", "Brand": "Pepsi", "Url": "https://www.maxi.ca/soda/p/20321598002_EA", "Sub Category": null, "English Name": "Soda", "Size": "591 ml", "Size Label": "ea"}, {"Category": "Soft Drinks", "Aisle": "Drinks", "Sku": "20304419001_C06", "Regular Price": "None", "Sale Price": "5.29", "Image": "https://assets.shop.loblaws.ca/products/20304419001/b1/en/front/20304419001_front_a01_@2.png", "Brand": "Canada Dry", "Url": "https://www.maxi.ca/ginger-ale-6-pack/p/20304419001_C06", "Sub Category": null, "English Name": "Ginger Ale, 6 Pack", "Size": "6x710.0 ml", "Size Label": "pack of 6"}, {"Category": "Soft Drinks", "Aisle": "Drinks", "Sku": "20306330002_C24", "Regular Price": "None", "Sale Price": "12.49", "Image": "https://assets.shop.loblaws.ca/products/20306330002/b1/en/front/20306330002_front_a01_@2.png", "Brand": "Canada Dry", "Url": "https://www.maxi.ca/ginger-ale/p/20306330002_C24", "Sub Category": null, "English Name": "Ginger Ale ", "Size": "24x355.0 ml", "Size Label": "pack of 24"}, {"Category": "Soft Drinks", "Aisle": "Drinks", "Sku": "20310546004_C06", "Regular Price": "None", "Sale Price": "4.99", "Image": "https://assets.shop.loblaws.ca/products/20310546004/b1/en/front/20310546004_front_a01_@2.png", "Brand": "Pepsi", "Url": "https://www.maxi.ca/diet-soda/p/20310546004_C06", "Sub Category": null, "English Name": "Diet Soda", "Size": "6x710.0 ml", "Size Label": "c06"}, {"Category": "Soft Drinks", "Aisle": "Drinks", "Sku": "20311645016_EA", "Regular Price": "None", "Sale Price": "1.29", "Image": "https://assets.shop.loblaws.ca/products/20311645016/b1/en/front/20311645016_front_a01_@2.png", "Brand": "President's Choice", "Url": "https://www.maxi.ca/diet-spritz-up-lemon-lime-soda/p/20311645016_EA", "Sub Category": null, "English Name": "Diet Spritz-Up Lemon-Lime Soda", "Size": "2 l", "Size Label": "ea"}, {"Category": "Soft Drinks", "Aisle": "Drinks", "Sku": "20311645002_EA", "Regular Price": "None", "Sale Price": "1.29", "Image": "https://assets.shop.loblaws.ca/products/20311645002/b1/en/front/20311645002_front_a01_@2.png", "Brand": "President's Choice", "Url": "https://www.maxi.ca/diet-cola/p/20311645002_EA", "Sub Category": null, "English Name": "Diet Cola", "Size": "2 l", "Size Label": "ea"}, {"Category": "Soft Drinks", "Aisle": "Drinks", "Sku": "20307968002_EA", "Regular Price": "1.99", "Sale Price": "1.33", "Image": "https://assets.shop.loblaws.ca/products/20307968002/b1/en/front/20307968002_front_a01_@2.png", "Brand": "7Up", "Url": "https://www.maxi.ca/zero-soda/p/20307968002_EA", "Sub Category": null, "English Name": "Zero Soda", "Size": "2 l", "Size Label": "ea"}, {"Category": "Soft Drinks", "Aisle": "Drinks", "Sku": "20306117002_EA", "Regular Price": "1.99", "Sale Price": "1.33", "Image": "https://assets.shop.loblaws.ca/products/20306117002/b1/en/front/20306117002_front_a01_@2.png", "Brand": "Crush", "Url": "https://www.maxi.ca/orange-soda/p/20306117002_EA", "Sub Category": null, "English Name": "Orange Soda", "Size": "2 l", "Size Label": "ea"}, {"Category": "Soft Drinks", "Aisle": "Drinks", "Sku": "20311645015_EA", "Regular Price": "None", "Sale Price": "1.29", "Image": "https://assets.shop.loblaws.ca/products/20311645015/b1/en/front/20311645015_front_a01_@2.png", "Brand": "President's Choice", "Url": "https://www.maxi.ca/spritz-up-lemon-lime-soda/p/20311645015_EA", "Sub Category": null, "English Name": "Spritz Up Lemon-Lime Soda", "Size": "2 l", "Size Label": "ea"}, {"Category": "Soft Drinks", "Aisle": "Drinks", "Sku": "20354227001_C06", "Regular Price": "None", "Sale Price": "4.29", "Image": "https://assets.shop.loblaws.ca/products/20354227001/b1/en/front/20354227001_front_a01_@2.png", "Brand": "Canada Dry", "Url": "https://www.maxi.ca/ginger-ale-6-pack-mini-cans/p/20354227001_C06", "Sub Category": null, "English Name": "Ginger Ale, 6 Pack Mini-Cans", "Size": "6x222.0 ml", "Size Label": "pack of 6"}, {"Category": "Soft Drinks", "Aisle": "Drinks", "Sku": "20311645020_EA", "Regular Price": "None", "Sale Price": "1.29", "Image": "https://assets.shop.loblaws.ca/products/20311645020/b1/en/front/20311645020_front_a01_@2.png", "Brand": "President's Choice", "Url": "https://www.maxi.ca/cream-soda/p/20311645020_EA", "Sub Category": null, "English Name": "Cream Soda", "Size": "2 l", "Size Label": "ea"}, {"Category": "Soft Drinks", "Aisle": "Drinks", "Sku": "20311645019_EA", "Regular Price": "None", "Sale Price": "1.29", "Image": "https://assets.shop.loblaws.ca/products/20311645019/b1/en/front/20311645019_front_a01_@2.png", "Brand": "President's Choice", "Url": "https://www.maxi.ca/spruce-beer-soda/p/20311645019_EA", "Sub Category": null, "English Name": "Spruce Beer Soda", "Size": "2 l", "Size Label": "ea"}, {"Category": "Soft Drinks", "Aisle": "Drinks", "Sku": "20297925_C24", "Regular Price": "None", "Sale Price": "12.49", "Image": "https://assets.shop.loblaws.ca/products/20297925/b1/en/front/20297925_front_a01_@2.png", "Brand": "7Up", "Url": "https://www.maxi.ca/zero-soda-tray/p/20297925_C24", "Sub Category": null, "English Name": "Zero Soda, Tray", "Size": "24x355.0 ml", "Size Label": "c24"}, {"Category": "Soft Drinks", "Aisle": "Drinks", "Sku": "21087279_C06", "Regular Price": "None", "Sale Price": "2.49", "Image": "https://assets.shop.loblaws.ca/products/21087279/b1/en/front/21087279_front_a01_@2.png", "Brand": "President's Choice", "Url": "https://www.maxi.ca/ginger-ale/p/21087279_C06", "Sub Category": null, "English Name": "Ginger Ale", "Size": "6x222.0 ml", "Size Label": "pack of 6"}, {"Category": "Soft Drinks", "Aisle": "Drinks", "Sku": "20056206001_EA", "Regular Price": "1.99", "Sale Price": "1.33", "Image": "https://assets.shop.loblaws.ca/products/20056206001/b1/en/front/20056206001_front_a01_@2.png", "Brand": "Dr Pepper", "Url": "https://www.maxi.ca/soda/p/20056206001_EA", "Sub Category": null, "English Name": "Soda", "Size": "2 l", "Size Label": "ea"}, {"Category": "Soft Drinks", "Aisle": "Drinks", "Sku": "20322361001_C12", "Regular Price": "None", "Sale Price": "6.79", "Image": "https://assets.shop.loblaws.ca/products/20322361001/b1/en/front/20322361001_front_a01_@2.png", "Brand": "Pepsi", "Url": "https://www.maxi.ca/zero-sugar-soda/p/20322361001_C12", "Sub Category": null, "English Name": "Zero Sugar Soda    ", "Size": "12x355.0 ml", "Size Label": "c12"}, {"Category": "Soft Drinks", "Aisle": "Drinks", "Sku": "21195396_EA", "Regular Price": "None", "Sale Price": "2.69", "Image": "https://assets.shop.loblaws.ca/products/21195396/b1/en/front/21195396_front_a01_@2.png", "Brand": "Crush", "Url": "https://www.maxi.ca/orange-crush/p/21195396_EA", "Sub Category": null, "English Name": "Orange Crush", "Size": "591 ml", "Size Label": "ea"}, {"Category": "Soft Drinks", "Aisle": "Drinks", "Sku": "20828514_EA", "Regular Price": "None", "Sale Price": "2.49", "Image": "https://assets.shop.loblaws.ca/products/20828514/b1/en/front/20828514_front_a01_@2.png", "Brand": "Canada Dry", "Url": "https://www.maxi.ca/ginger-ale-bottle/p/20828514_EA", "Sub Category": null, "English Name": "Ginger Ale, Bottle", "Size": "500 ml", "Size Label": "ea"}, {"Category": "Soft Drinks", "Aisle": "Drinks", "Sku": "20354288001_C06", "Regular Price": "None", "Sale Price": "4.29", "Image": "https://assets.shop.loblaws.ca/products/20354288001/b1/en/front/20354288001_front_a01_@2.png", "Brand": "Coca-Cola", "Url": "https://www.maxi.ca/zero/p/20354288001_C06", "Sub Category": null, "English Name": "Zero      ", "Size": "6x222.0 ml", "Size Label": "pack of 6"}, {"Category": "Soft Drinks", "Aisle": "Drinks", "Sku": "20311645009_EA", "Regular Price": "None", "Sale Price": "1.29", "Image": "https://assets.shop.loblaws.ca/products/20311645009/b1/en/front/20311645009_front_a01_@2.png", "Brand": "President's Choice", "Url": "https://www.maxi.ca/low-sodium-caffeine-free-diet-cola/p/20311645009_EA", "Sub Category": null, "English Name": "Low Sodium & Caffeine-Free Diet Cola", "Size": "2 l", "Size Label": "ea"}, {"Category": "Soft Drinks", "Aisle": "Drinks", "Sku": "20713788_EA", "Regular Price": "2.49", "Sale Price": "1.33", "Image": "https://assets.shop.loblaws.ca/products/20713788/b1/en/front/20713788_front_a01_@2.png", "Brand": "Sprite", "Url": "https://www.maxi.ca/zero-bottle-2l/p/20713788_EA", "Sub Category": null, "English Name": "Zero, Bottle 2L", "Size": "2 l", "Size Label": "ea"}, {"Category": "Soft Drinks", "Aisle": "Drinks", "Sku": "20713862_C12", "Regular Price": "None", "Sale Price": "6.49", "Image": "https://assets.shop.loblaws.ca/products/20713862/b1/en/front/20713862_front_a01_@2.png", "Brand": "Sprite", "Url": "https://www.maxi.ca/zero/p/20713862_C12", "Sub Category": null, "English Name": "Zero      ", "Size": "12x355.0 ml", "Size Label": "pack of 12"}, {"Category": "Soft Drinks", "Aisle": "Drinks", "Sku": "20218887027_C12", "Regular Price": "None", "Sale Price": "4.99", "Image": "https://assets.shop.loblaws.ca/products/20218887027/b1/en/front/20218887027_front_a01_@2.png", "Brand": "President's Choice", "Url": "https://www.maxi.ca/cola/p/20218887027_C12", "Sub Category": null, "English Name": "Cola", "Size": "12x355.0 ml", "Size Label": "pack of 12"}, {"Category": "Soft Drinks", "Aisle": "Drinks", "Sku": "20296926005_EA", "Regular Price": "1.99", "Sale Price": "1.33", "Image": "https://assets.shop.loblaws.ca/products/20296926005/b1/en/front/20296926005_front_a01_@2.png", "Brand": "Pepsi", "Url": "https://www.maxi.ca/diet-soda-caffeine-free/p/20296926005_EA", "Sub Category": null, "English Name": "Diet Soda Caffeine Free", "Size": "2 l", "Size Label": "ea"}, {"Category": "Soft Drinks", "Aisle": "Drinks", "Sku": "21098829_C06", "Regular Price": "None", "Sale Price": "3.99", "Image": "https://assets.shop.loblaws.ca/products/21098829/b1/en/front/21098829_front_a01_@2.png", "Brand": "7Up", "Url": "https://www.maxi.ca/zero-mini/p/21098829_C06", "Sub Category": null, "English Name": "Zero, Mini", "Size": "6x222.0 ml", "Size Label": "c06"}, {"Category": "Soft Drinks", "Aisle": "Drinks", "Sku": "21559304_EA", "Regular Price": "None", "Sale Price": "3.19", "Image": "https://assets.shop.loblaws.ca/products/21559304/b1/en/front/21559304_front_a01_@2.png", "Brand": "Candy Can", "Url": "https://www.maxi.ca/sparkling-drink-rocket-ice-lolly-zero-sugar/p/21559304_EA", "Sub Category": null, "English Name": "Sparkling Drink, Rocket Ice Lolly, Zero Sugar", "Size": "330 ml", "Size Label": "ea"}, {"Category": "Soft Drinks", "Aisle": "Drinks", "Sku": "20321598005_EA", "Regular Price": "None", "Sale Price": "2.69", "Image": "https://assets.shop.loblaws.ca/products/20321598005/b1/en/front/20321598005_front_a01_@2.png", "Brand": "Pepsi", "Url": "https://www.maxi.ca/zero-sugar-soda/p/20321598005_EA", "Sub Category": null, "English Name": "Zero Sugar Soda    ", "Size": "591 ml", "Size Label": "ea"}, {"Category": "Soft Drinks", "Aisle": "Drinks", "Sku": "20307569007_C12", "Regular Price": "None", "Sale Price": "6.49", "Image": "https://assets.shop.loblaws.ca/products/20307569007/b1/en/front/20307569007_front_a01_@2.png", "Brand": "Canada Dry", "Url": "https://www.maxi.ca/tonic-water/p/20307569007_C12", "Sub Category": null, "English Name": "Tonic Water ", "Size": "12x355.0 ml", "Size Label": "c12"}, {"Category": "Soft Drinks", "Aisle": "Drinks", "Sku": "20313027001_EA", "Regular Price": "2.49", "Sale Price": "1.33", "Image": "https://assets.shop.loblaws.ca/products/20313027001/b1/en/front/20313027001_front_a01_@2.png", "Brand": "Fresca", "Url": "https://www.maxi.ca/bottle/p/20313027001_EA", "Sub Category": null, "English Name": "Bottle", "Size": "2 l", "Size Label": "ea"}, {"Category": "Soft Drinks", "Aisle": "Drinks", "Sku": "21559261_C12", "Regular Price": "None", "Sale Price": "6.99", "Image": "https://assets.shop.loblaws.ca/products/21559261/b1/en/front/21559261_front_a01_@2.png", "Brand": "FANTA", "Url": "https://www.maxi.ca/zero-sugar/p/21559261_C12", "Sub Category": null, "English Name": "Zero Sugar", "Size": "12x355.0 ml", "Size Label": "c12"}, {"Category": "Soft Drinks", "Aisle": "Drinks", "Sku": "21020441_C15", "Regular Price": "None", "Sale Price": "7.29", "Image": "https://assets.shop.loblaws.ca/products/21020441/b1/en/front/21020441_front_a01_@2.png", "Brand": "Pepsi", "Url": "https://www.maxi.ca/sleek-soda/p/21020441_C15", "Sub Category": null, "English Name": "Sleek Soda     ", "Size": "15x222.0 ml", "Size Label": "pack of 15"}, {"Category": "Soft Drinks", "Aisle": "Drinks", "Sku": "20312312001_EA", "Regular Price": "1.99", "Sale Price": "1.33", "Image": "https://assets.shop.loblaws.ca/products/20312312001/b1/en/front/20312312001_front_a01_@2.png", "Brand": "Mountain Dew", "Url": "https://www.maxi.ca/soda/p/20312312001_EA", "Sub Category": null, "English Name": "Soda", "Size": "2 l", "Size Label": "ea"}, {"Category": "Soft Drinks", "Aisle": "Drinks", "Sku": "20311362002_EA", "Regular Price": "2.49", "Sale Price": "1.33", "Image": "https://assets.shop.loblaws.ca/products/20311362002/b1/en/front/20311362002_front_a01_@2.png", "Brand": "Canada Dry", "Url": "https://www.maxi.ca/diet-ginger-ale/p/20311362002_EA", "Sub Category": null, "English Name": "Diet Ginger Ale", "Size": "2 l", "Size Label": "ea"}, {"Category": "Soft Drinks", "Aisle": "Drinks", "Sku": "20318694004_C12", "Regular Price": "None", "Sale Price": "6.49", "Image": "https://assets.shop.loblaws.ca/products/20318694004/b1/en/front/20318694004_front_a01_@2.png", "Brand": "Coca-Cola", "Url": "https://www.maxi.ca/diet-coke-caffeine-free/p/20318694004_C12", "Sub Category": null, "English Name": "Diet Coke Caffeine Free", "Size": "12x355.0 ml", "Size Label": "pack of 12"}, {"Category": "Soft Drinks", "Aisle": "Drinks", "Sku": "21181173_C08", "Regular Price": "None", "Sale Price": "6.49", "Image": "https://assets.shop.loblaws.ca/products/21181173/b1/en/front/21181173_front_a01_@2.png", "Brand": "Coca-Cola", "Url": "https://www.maxi.ca/bottle/p/21181173_C08", "Sub Category": null, "English Name": "Bottle     ", "Size": "8x300.0 ml", "Size Label": "pack of 8"}, {"Category": "Soft Drinks", "Aisle": "Drinks", "Sku": "20659785_EA", "Regular Price": "None", "Sale Price": "1.79", "Image": "https://assets.shop.loblaws.ca/products/20659785/b1/en/front/20659785_front_a01_@2.png", "Brand": "Coca-Cola", "Url": "https://www.maxi.ca/zero-sugar/p/20659785_EA", "Sub Category": null, "English Name": "Zero Sugar", "Size": "1 l", "Size Label": "ea"}, {"Category": "Soft Drinks", "Aisle": "Drinks", "Sku": "20307569006_C12", "Regular Price": "None", "Sale Price": "6.49", "Image": "https://assets.shop.loblaws.ca/products/20307569006/b1/en/front/20307569006_front_a01_@2.png", "Brand": "Canada Dry", "Url": "https://www.maxi.ca/club-soda/p/20307569006_C12", "Sub Category": null, "English Name": "Club Soda ", "Size": "12x355.0 ml", "Size Label": "c12"}, {"Category": "Soft Drinks", "Aisle": "Drinks", "Sku": "20324095_C06", "Regular Price": "None", "Sale Price": "4.99", "Image": "https://assets.shop.loblaws.ca/products/20324095/b1/en/front/20324095_front_a01_@2.png", "Brand": "Crush", "Url": "https://www.maxi.ca/orange-soda/p/20324095_C06", "Sub Category": null, "English Name": "Orange Soda ", "Size": "6x710.0 ml", "Size Label": "pack of 6"}, {"Category": "Soft Drinks", "Aisle": "Drinks", "Sku": "20307938001_C12", "Regular Price": "None", "Sale Price": "6.79", "Image": "https://assets.shop.loblaws.ca/products/20307938001/b1/en/front/20307938001_front_a01_@2.png", "Brand": "Crush", "Url": "https://www.maxi.ca/crush-orange-soda/p/20307938001_C12", "Sub Category": null, "English Name": "Crush Orange Soda ", "Size": "12x355.0 ml", "Size Label": "c12"}, {"Category": "Soft Drinks", "Aisle": "Drinks", "Sku": "20857560005_C06", "Regular Price": "None", "Sale Price": "3.99", "Image": "https://assets.shop.loblaws.ca/products/20857560005/b1/en/front/20857560005_front_a01_@2.png", "Brand": "Crush", "Url": "https://www.maxi.ca/orange-soda/p/20857560005_C06", "Sub Category": null, "English Name": "Orange Soda     ", "Size": "6x222.0 ml", "Size Label": "pack of 6"}, {"Category": "Soft Drinks", "Aisle": "Drinks", "Sku": "20857560002_C06", "Regular Price": "None", "Sale Price": "3.99", "Image": "https://assets.shop.loblaws.ca/products/20857560002/b1/en/front/20857560002_front_a01_@2.png", "Brand": "7Up", "Url": "https://www.maxi.ca/soda-mini/p/20857560002_C06", "Sub Category": null, "English Name": "Soda Mini", "Size": "6x222.0 ml", "Size Label": "c06"}, {"Category": "Soft Drinks", "Aisle": "Drinks", "Sku": "20306914001_EA", "Regular Price": "2.49", "Sale Price": "1.33", "Image": "https://assets.shop.loblaws.ca/products/20306914001/b1/en/front/20306914001_front_a01_@2.png", "Brand": "Sprite", "Url": "https://www.maxi.ca/bottle/p/20306914001_EA", "Sub Category": null, "English Name": "Bottle", "Size": "2 l", "Size Label": "ea"}, {"Category": "Soft Drinks", "Aisle": "Drinks", "Sku": "21559166_EA", "Regular Price": "None", "Sale Price": "3.99", "Image": "https://assets.shop.loblaws.ca/products/21559166/b1/en/front/21559166_front_a01_@2.png", "Brand": "FANTA", "Url": "https://www.maxi.ca/zero-sugar/p/21559166_EA", "Sub Category": null, "English Name": "Zero Sugar", "Size": "500 ml", "Size Label": "ea"}, {"Category": "Soft Drinks", "Aisle": "Drinks", "Sku": "20857560006_C06", "Regular Price": "None", "Sale Price": "3.99", "Image": "https://assets.shop.loblaws.ca/products/20857560006/b1/en/front/20857560006_front_a01_@2.png", "Brand": "Pepsi", "Url": "https://www.maxi.ca/diet-soda/p/20857560006_C06", "Sub Category": null, "English Name": "Diet Soda", "Size": "6x222.0 ml", "Size Label": "pack of 6"}, {"Category": "Soft Drinks", "Aisle": "Drinks", "Sku": "20299076002_EA", "Regular Price": "None", "Sale Price": "1.79", "Image": "https://assets.shop.loblaws.ca/products/20299076002/b1/en/front/20299076002_front_a01_@2.png", "Brand": "Canada Dry", "Url": "https://www.maxi.ca/ginger-ale-bottle/p/20299076002_EA", "Sub Category": null, "English Name": "Ginger Ale, Bottle", "Size": "1 l", "Size Label": "ea"}, {"Category": "Soft Drinks", "Aisle": "Drinks", "Sku": "20354288003_C06", "Regular Price": "None", "Sale Price": "4.29", "Image": "https://assets.shop.loblaws.ca/products/20354288003/b1/en/front/20354288003_front_a01_@2.png", "Brand": "Coca-Cola", "Url": "https://www.maxi.ca/diet-coke/p/20354288003_C06", "Sub Category": null, "English Name": "Diet Coke  ", "Size": "6x222.0 ml", "Size Label": "pack of 6"}, {"Category": "Soft Drinks", "Aisle": "Drinks", "Sku": "21542594_EA", "Regular Price": "None", "Sale Price": "2.49", "Image": "https://assets.shop.loblaws.ca/products/21542594/b1/en/front/21542594_front_a01_@2.png", "Brand": "Coca-Cola", "Url": "https://www.maxi.ca/ultimate-bottle/p/21542594_EA", "Sub Category": null, "English Name": "Ultimate Bottle", "Size": "500 ml", "Size Label": "ea"}, {"Category": "Soft Drinks", "Aisle": "Drinks", "Sku": "20218887001_C12", "Regular Price": "None", "Sale Price": "4.99", "Image": "https://assets.shop.loblaws.ca/products/20218887001/b1/en/front/20218887001_front_a01_@2.png", "Brand": "President's Choice", "Url": "https://www.maxi.ca/cranberry-ginger-ale/p/20218887001_C12", "Sub Category": null, "English Name": "Cranberry Ginger Ale", "Size": "12x355.0 ml", "Size Label": "pack of 12"}, {"Category": "Soft Drinks", "Aisle": "Drinks", "Sku": "21559498_EA", "Regular Price": "None", "Sale Price": "3.19", "Image": "https://assets.shop.loblaws.ca/products/21559498/b1/en/front/21559498_front_a01_@2.png", "Brand": "Candy Can", "Url": "https://www.maxi.ca/sparkling-drink-bubble-gum-zero-sugar/p/21559498_EA", "Sub Category": null, "English Name": "Sparkling Drink, Bubble Gum, Zero Sugar", "Size": "330 ml", "Size Label": "ea"}, {"Category": "Soft Drinks", "Aisle": "Drinks", "Sku": "20354288002_C06", "Regular Price": "None", "Sale Price": "4.29", "Image": "https://assets.shop.loblaws.ca/products/20354288002/b1/en/front/20354288002_front_a01_@2.png", "Brand": "Coca-Cola", "Url": "https://www.maxi.ca/classic/p/20354288002_C06", "Sub Category": null, "English Name": "Classic", "Size": "6x222.0 ml", "Size Label": "c06"}, {"Category": "Soft Drinks", "Aisle": "Drinks", "Sku": "20152117024_C12", "Regular Price": "None", "Sale Price": "4.99", "Image": "https://assets.shop.loblaws.ca/products/20152117024/b1/en/front/20152117024_front_a01_@2.png", "Brand": "President's Choice", "Url": "https://www.maxi.ca/peach-ginger-sparkling-soda/p/20152117024_C12", "Sub Category": null, "English Name": "Peach Ginger Sparkling Soda  ", "Size": "12x355.0 ml", "Size Label": "pack of 12"}, {"Category": "Soft Drinks", "Aisle": "Drinks", "Sku": "21361951_C06", "Regular Price": "None", "Sale Price": "2.49", "Image": "https://assets.shop.loblaws.ca/products/21361951/b1/en/front/21361951_front_a01_@2.png", "Brand": "President's Choice", "Url": "https://www.maxi.ca/cola/p/21361951_C06", "Sub Category": null, "English Name": "Cola", "Size": "222 ml", "Size Label": "c06"}, {"Category": "Soft Drinks", "Aisle": "Drinks", "Sku": "20321598003_EA", "Regular Price": "None", "Sale Price": "2.69", "Image": "https://assets.shop.loblaws.ca/products/20321598003/b1/en/front/20321598003_front_a01_@2.png", "Brand": "Pepsi", "Url": "https://www.maxi.ca/diet-soda/p/20321598003_EA", "Sub Category": null, "English Name": "Diet Soda", "Size": "591 ml", "Size Label": "ea"}, {"Category": "Soft Drinks", "Aisle": "Drinks", "Sku": "20324722001_C24", "Regular Price": "None", "Sale Price": "12.49", "Image": "https://assets.shop.loblaws.ca/products/20324722001/b1/en/front/20324722001_front_a01_@2.png", "Brand": "7Up", "Url": "https://www.maxi.ca/soda/p/20324722001_C24", "Sub Category": null, "English Name": "Soda", "Size": "24x355.0 ml", "Size Label": "c24"}, {"Category": "Soft Drinks", "Aisle": "Drinks", "Sku": "20311362003_EA", "Regular Price": "None", "Sale Price": "1.33", "Image": "https://assets.shop.loblaws.ca/products/20311362003/b1/en/front/20311362003_front_a01_@2.png", "Brand": "Canada Dry", "Url": "https://www.maxi.ca/club-soda/p/20311362003_EA", "Sub Category": null, "English Name": "Club Soda", "Size": "2 l", "Size Label": "ea"}, {"Category": "Soft Drinks", "Aisle": "Drinks", "Sku": "21361864_C08", "Regular Price": "None", "Sale Price": "6.49", "Image": "https://assets.shop.loblaws.ca/products/21361864/b1/en/front/21361864_front_a01_@2.png", "Brand": "Pepsi", "Url": "https://www.maxi.ca/zero-sugar-soda/p/21361864_C08", "Sub Category": null, "English Name": "Zero Sugar Soda ", "Size": "8x355.0 ml", "Size Label": "pack of 8"}, {"Category": "Soft Drinks", "Aisle": "Drinks", "Sku": "20325377001_C12", "Regular Price": "None", "Sale Price": "6.79", "Image": "https://assets.shop.loblaws.ca/products/20325377001/b1/en/front/20325377001_front_a01_@2.png", "Brand": "7Up", "Url": "https://www.maxi.ca/soda/p/20325377001_C12", "Sub Category": null, "English Name": "Soda", "Size": "12x355.0 ml", "Size Label": "c12"}, {"Category": "Soft Drinks", "Aisle": "Drinks", "Sku": "20311645028_EA", "Regular Price": "None", "Sale Price": "1.29", "Image": "https://assets.shop.loblaws.ca/products/20311645028/b1/en/front/20311645028_front_a01_@2.png", "Brand": "President's Choice", "Url": "https://www.maxi.ca/cranberry-ginger-ale/p/20311645028_EA", "Sub Category": null, "English Name": "Cranberry Ginger Ale", "Size": "2 l", "Size Label": "ea"}, {"Category": "Soft Drinks", "Aisle": "Drinks", "Sku": "20311645006_EA", "Regular Price": "None", "Sale Price": "1.29", "Image": "https://assets.shop.loblaws.ca/products/20311645006/b1/en/front/20311645006_front_a01_@2.png", "Brand": "President's Choice", "Url": "https://www.maxi.ca/tonic-water/p/20311645006_EA", "Sub Category": null, "English Name": "Tonic Water", "Size": "2 l", "Size Label": "ea"}, {"Category": "Soft Drinks", "Aisle": "Drinks", "Sku": "20296926004_EA", "Regular Price": "1.99", "Sale Price": "1.33", "Image": "https://assets.shop.loblaws.ca/products/20296926004/b1/en/front/20296926004_front_a01_@2.png", "Brand": "Pepsi", "Url": "https://www.maxi.ca/max-zero-sugar-soda/p/20296926004_EA", "Sub Category": null, "English Name": "Max Zero Sugar Soda    ", "Size": "2 l", "Size Label": "ea"}, {"Category": "Soft Drinks", "Aisle": "Drinks", "Sku": "21362875_C08", "Regular Price": "None", "Sale Price": "6.49", "Image": "https://assets.shop.loblaws.ca/products/21362875/b1/en/front/21362875_front_a01_@2.png", "Brand": "Pepsi", "Url": "https://www.maxi.ca/soda/p/21362875_C08", "Sub Category": null, "English Name": "Soda  ", "Size": "8x355.0 ml", "Size Label": "pack of 8"}, {"Category": "Soft Drinks", "Aisle": "Drinks", "Sku": "21062428_C06", "Regular Price": "None", "Sale Price": "4.29", "Image": "https://assets.shop.loblaws.ca/products/21062428/b1/en/front/21062428_front_a01_@2.png", "Brand": "Canada Dry", "Url": "https://www.maxi.ca/limited-edition-cranberry-ginger-ale-case/p/21062428_C06", "Sub Category": null, "English Name": "Limited Edition Cranberry Ginger Ale (Case)", "Size": "6x222.0 ml", "Size Label": "c06"}, {"Category": "Soft Drinks", "Aisle": "Drinks", "Sku": "20827426_EA", "Regular Price": "None", "Sale Price": "2.49", "Image": "https://assets.shop.loblaws.ca/products/20827426/b1/en/front/20827426_front_a01_@2.png", "Brand": "Sprite", "Url": "https://www.maxi.ca/bottle/p/20827426_EA", "Sub Category": null, "English Name": "Bottle", "Size": "500 ml", "Size Label": "ea"}, {"Category": "Soft Drinks", "Aisle": "Drinks", "Sku": "21094861_C06", "Regular Price": "None", "Sale Price": "2.49", "Image": "https://assets.shop.loblaws.ca/products/21094861/b1/en/front/21094861_front_a01_@2.png", "Brand": "President's Choice", "Url": "https://www.maxi.ca/tonic-water/p/21094861_C06", "Sub Category": null, "English Name": "Tonic Water", "Size": "6x222.0 ml", "Size Label": "pack of 6"}, {"Category": "Soft Drinks", "Aisle": "Drinks", "Sku": "20354164001_C06", "Regular Price": "None", "Sale Price": "4.29", "Image": "https://assets.shop.loblaws.ca/products/20354164001/b1/en/front/20354164001_front_a01_@2.png", "Brand": "Sprite", "Url": "https://www.maxi.ca/soda/p/20354164001_C06", "Sub Category": null, "English Name": "Soda ", "Size": "6x222.0 ml", "Size Label": "pack of 6"}, {"Category": "Soft Drinks", "Aisle": "Drinks", "Sku": "20298360001_C24", "Regular Price": "None", "Sale Price": "12.49", "Image": "https://assets.shop.loblaws.ca/products/20298360001/b1/en/front/20298360001_front_a01_@2.png", "Brand": "Sprite", "Url": "https://www.maxi.ca/soda/p/20298360001_C24", "Sub Category": null, "English Name": "Soda ", "Size": "24x355.0 ml", "Size Label": "pack of 24"}, {"Category": "Soft Drinks", "Aisle": "Drinks", "Sku": "20306007001_EA", "Regular Price": "None", "Sale Price": "1.79", "Image": "https://assets.shop.loblaws.ca/products/20306007001/b1/en/front/20306007001_front_a01_@2.png", "Brand": "Sprite", "Url": "https://www.maxi.ca/bottle/p/20306007001_EA", "Sub Category": null, "English Name": "Bottle", "Size": "1 l", "Size Label": "ea"}, {"Category": "Soft Drinks", "Aisle": "Drinks", "Sku": "20877069_EA", "Regular Price": "None", "Sale Price": "2.49", "Image": "https://assets.shop.loblaws.ca/products/20877069/b1/en/front/20877069_front_a01_@2.png", "Brand": "Fresca", "Url": "https://www.maxi.ca/flavoured-water/p/20877069_EA", "Sub Category": null, "English Name": "Flavoured Water", "Size": "500 ml", "Size Label": "ea"}, {"Category": "Soft Drinks", "Aisle": "Drinks", "Sku": "21356963_C06", "Regular Price": "None", "Sale Price": "3.99", "Image": "https://assets.shop.loblaws.ca/products/21356963/b1/en/front/21356963_front_a01_@2.png", "Brand": "Dr Pepper", "Url": "https://www.maxi.ca/soft-drink-mini/p/21356963_C06", "Sub Category": null, "English Name": "Soft Drink Mini ", "Size": "6x222.0 ml", "Size Label": "pack of 6"}, {"Category": "Soft Drinks", "Aisle": "Drinks", "Sku": "21094147_C06", "Regular Price": "None", "Sale Price": "2.49", "Image": "https://assets.shop.loblaws.ca/products/21094147/b1/en/front/21094147_front_a01_@2.png", "Brand": "President's Choice", "Url": "https://www.maxi.ca/low-sodium-club-soda/p/21094147_C06", "Sub Category": null, "English Name": "Low Sodium Club Soda", "Size": "6x222.0 ml", "Size Label": "pack of 6"}, {"Category": "Soft Drinks", "Aisle": "Drinks", "Sku": "21559354_EA", "Regular Price": "None", "Sale Price": "3.19", "Image": "https://assets.shop.loblaws.ca/products/21559354/b1/en/front/21559354_front_a01_@2.png", "Brand": "Candy Can", "Url": "https://www.maxi.ca/sparkling-drink-cotton-candy-zero-sugar/p/21559354_EA", "Sub Category": null, "English Name": "Sparkling Drink, Cotton Candy, Zero Sugar", "Size": "330 ml", "Size Label": "ea"}, {"Category": "Soft Drinks", "Aisle": "Drinks", "Sku": "20994463_EA", "Regular Price": "None", "Sale Price": "2.49", "Image": "https://assets.shop.loblaws.ca/products/20994463/b1/en/front/20994463_front_a01_@2.png", "Brand": "Canada Dry", "Url": "https://www.maxi.ca/limited-edition-cranberry-ginger-ale/p/20994463_EA", "Sub Category": null, "English Name": "Limited Edition Cranberry Ginger Ale", "Size": "500 ml", "Size Label": "ea"}, {"Category": "Soft Drinks", "Aisle": "Drinks", "Sku": "21542577_EA", "Regular Price": "None", "Sale Price": "2.49", "Image": "https://assets.shop.loblaws.ca/products/21542577/b1/en/front/21542577_front_a01_@2.png", "Brand": "Coca-Cola", "Url": "https://www.maxi.ca/zero-sugar-ultimate-bottle/p/21542577_EA", "Sub Category": null, "English Name": "Zero Sugar Ultimate Bottle", "Size": "500 ml", "Size Label": "ea"}, {"Category": "Soft Drinks", "Aisle": "Drinks", "Sku": "21559342_EA", "Regular Price": "None", "Sale Price": "3.19", "Image": "https://assets.shop.loblaws.ca/products/21559342/b1/en/front/21559342_front_a01_@2.png", "Brand": "Candy Can", "Url": "https://www.maxi.ca/sparkling-drink-birthday-cake-zero-sugar/p/21559342_EA", "Sub Category": null, "English Name": "Sparkling Drink, Birthday Cake, Zero Sugar", "Size": "330 ml", "Size Label": "ea"}, {"Category": "Soft Drinks", "Aisle": "Drinks", "Sku": "20311645022_EA", "Regular Price": "None", "Sale Price": "1.29", "Image": "https://assets.shop.loblaws.ca/products/20311645022/b1/en/front/20311645022_front_a01_@2.png", "Brand": "President's Choice", "Url": "https://www.maxi.ca/nectar-soda/p/20311645022_EA", "Sub Category": null, "English Name": "Nectar Soda", "Size": "2 l", "Size Label": "ea"}, {"Category": "Soft Drinks", "Aisle": "Drinks", "Sku": "21362410_C08", "Regular Price": "None", "Sale Price": "6.49", "Image": "https://assets.shop.loblaws.ca/products/21362410/b1/en/front/21362410_front_a01_@2.png", "Brand": "7Up", "Url": "https://www.maxi.ca/soda/p/21362410_C08", "Sub Category": null, "English Name": "Soda", "Size": "8x355.0 ml", "Size Label": "c08"}, {"Category": "Soft Drinks", "Aisle": "Drinks", "Sku": "20690671002_C12", "Regular Price": "None", "Sale Price": "4.99", "Image": "https://assets.shop.loblaws.ca/products/20690671002/b1/en/front/20690671002_front_a01_@2.png", "Brand": "President's Choice", "Url": "https://www.maxi.ca/ginger-ale/p/20690671002_C12", "Sub Category": null, "English Name": "Ginger Ale", "Size": "12x355.0 ml", "Size Label": "pack of 12"}, {"Category": "Soft Drinks", "Aisle": "Drinks", "Sku": "20299050_EA", "Regular Price": "None", "Sale Price": "1.79", "Image": "https://assets.shop.loblaws.ca/products/20299050/b1/en/front/20299050_front_a01_@2.png", "Brand": "Coca-Cola", "Url": "https://www.maxi.ca/bottle/p/20299050_EA", "Sub Category": null, "English Name": "Bottle", "Size": "1 l", "Size Label": "ea"}, {"Category": "Soft Drinks", "Aisle": "Drinks", "Sku": "20310546005_C06", "Regular Price": "None", "Sale Price": "4.99", "Image": "https://assets.shop.loblaws.ca/products/20310546005/b1/en/front/20310546005_front_a01_@2.png", "Brand": "Pepsi", "Url": "https://www.maxi.ca/max-zero-sugar-soda/p/20310546005_C06", "Sub Category": null, "English Name": "Max Zero Sugar Soda    ", "Size": "6x710.0 ml", "Size Label": "pack of 6"}, {"Category": "Soft Drinks", "Aisle": "Drinks", "Sku": "20310937002_C06", "Regular Price": "None", "Sale Price": "4.99", "Image": "https://assets.shop.loblaws.ca/products/20310937002/b1/en/front/20310937002_front_a01_@2.png", "Brand": "7Up", "Url": "https://www.maxi.ca/soda/p/20310937002_C06", "Sub Category": null, "English Name": "Soda      ", "Size": "6x710.0 ml", "Size Label": "pack of 6"}, {"Category": "Soft Drinks", "Aisle": "Drinks", "Sku": "20324146001_EA", "Regular Price": "None", "Sale Price": "2.69", "Image": "https://assets.shop.loblaws.ca/products/20324146001/b1/en/front/20324146001_front_a01_@2.png", "Brand": "7Up", "Url": "https://www.maxi.ca/soda/p/20324146001_EA", "Sub Category": null, "English Name": "Soda      ", "Size": "591 ml", "Size Label": "ea"}, {"Category": "Non-dairy Milk Alternatives", "Aisle": "Drinks", "Sku": "20328231002_EA", "Regular Price": "None", "Sale Price": "4.99", "Image": "https://assets.shop.loblaws.ca/products/20328231002/b1/en/front/20328231002_front_a01_@2.png", "Brand": "Silk", "Url": "https://www.maxi.ca/almond-beverage-unsweetened-original-dairy-free/p/20328231002_EA", "Sub Category": null, "English Name": "Almond Beverage, Unsweetened Original, Dairy-Free", "Size": "1.89 l", "Size Label": "ea"}, {"Category": "Non-dairy Milk Alternatives", "Aisle": "Drinks", "Sku": "21037796_EA", "Regular Price": "4.79", "Sale Price": "3.79", "Image": "https://assets.shop.loblaws.ca/products/21037796/b1/en/front/21037796_front_a01_@2.png", "Brand": "Earths Own", "Url": "https://www.maxi.ca/oat-beverage-original/p/21037796_EA", "Sub Category": null, "English Name": "Oat Beverage, Original", "Size": "1.75 l", "Size Label": "ea"}, {"Category": "Non-dairy Milk Alternatives", "Aisle": "Drinks", "Sku": "20328231004_EA", "Regular Price": "None", "Sale Price": "4.99", "Image": "https://assets.shop.loblaws.ca/products/20328231004/b1/en/front/20328231004_front_a01_@2.png", "Brand": "Silk", "Url": "https://www.maxi.ca/almond-beverage-unsweetened-vanilla-flavour-dairy/p/20328231004_EA", "Sub Category": null, "English Name": "Almond Beverage, Unsweetened, Vanilla Flavour, Dairy-Free", "Size": "1.89 l", "Size Label": "ea"}, {"Category": "Non-dairy Milk Alternatives", "Aisle": "Drinks", "Sku": "20308979_EA", "Regular Price": "None", "Sale Price": "4.99", "Image": "https://assets.shop.loblaws.ca/products/20308979/b1/en/front/20308979_front_a01_@2.png", "Brand": "Silk", "Url": "https://www.maxi.ca/organic-soy-beverage-unsweetened-original-dairy-fr/p/20308979_EA", "Sub Category": null, "English Name": "Organic Soy Beverage, Unsweetened Original, Dairy-Free", "Size": "1.89 l", "Size Label": "ea"}, {"Category": "Non-dairy Milk Alternatives", "Aisle": "Drinks", "Sku": "20312861001_EA", "Regular Price": "None", "Sale Price": "9.99", "Image": "https://assets.shop.loblaws.ca/products/20312861001/b1/en/front/20312861001_front_a01_@2.png", "Brand": "Maxwell House", "Url": "https://www.maxi.ca/original-roast-ground-coffee/p/20312861001_EA", "Sub Category": null, "English Name": "Original Roast Ground Coffee", "Size": "925 g", "Size Label": "ea"}, {"Category": "Non-dairy Milk Alternatives", "Aisle": "Drinks", "Sku": "20327647_EA", "Regular Price": "4.00", "Sale Price": "3.79", "Image": "https://assets.shop.loblaws.ca/products/20327647/b1/en/front/20327647_front_a01_@2.png", "Brand": "Earths Own", "Url": "https://www.maxi.ca/almond-beverage-unsweetened-original/p/20327647_EA", "Sub Category": null, "English Name": "Almond Beverage, Unsweetened Original ", "Size": "1.89 l", "Size Label": "ea"}, {"Category": "Non-dairy Milk Alternatives", "Aisle": "Drinks", "Sku": "20315090001_EA", "Regular Price": "None", "Sale Price": "4.99", "Image": "https://assets.shop.loblaws.ca/products/20315090001/b1/en/front/20315090001_front_a01_@2.png", "Brand": "Silk", "Url": "https://www.maxi.ca/almond-beverage-original-plant-based-dairy-free-mi/p/20315090001_EA", "Sub Category": null, "English Name": "Almond Beverage, Original, Plant Based Dairy-Free Milk", "Size": "1.89 l", "Size Label": "ea"}, {"Category": "Non-dairy Milk Alternatives", "Aisle": "Drinks", "Sku": "21243598_EA", "Regular Price": "None", "Sale Price": "4.99", "Image": "https://assets.shop.loblaws.ca/products/21243598/b1/en/front/21243598_front_a01_@2.png", "Brand": "Silk", "Url": "https://www.maxi.ca/oat-beverage-unsweetened-plant-based-dairy-free/p/21243598_EA", "Sub Category": null, "English Name": "Oat Beverage, Unsweetened, Plant Based, Dairy Free", "Size": "1.75 l", "Size Label": "ea"}, {"Category": "Non-dairy Milk Alternatives", "Aisle": "Drinks", "Sku": "21037799_EA", "Regular Price": "None", "Sale Price": "3.79", "Image": "https://assets.shop.loblaws.ca/products/21037799/b1/en/front/21037799_front_a01_@2.png", "Brand": "Earths Own", "Url": "https://www.maxi.ca/oat-beverage-vanilla/p/21037799_EA", "Sub Category": null, "English Name": "Oat Beverage, Vanilla", "Size": "1.75 l", "Size Label": "ea"}, {"Category": "Non-dairy Milk Alternatives", "Aisle": "Drinks", "Sku": "21308076_EA", "Regular Price": "17.99", "Sale Price": "12.99", "Image": "https://assets.shop.loblaws.ca/products/21308076/b1/en/front/21308076_front_a01_@2.png", "Brand": "Maxwell House", "Url": "https://www.maxi.ca/original-roast-coffee-100-compostable-k-cup-coffee/p/21308076_EA", "Sub Category": null, "English Name": "Original Roast Coffee 100% Compostable K Cup Coffee Pods", "Size": "285 g", "Size Label": "ea"}, {"Category": "Non-dairy Milk Alternatives", "Aisle": "Drinks", "Sku": "20328231001_EA", "Regular Price": "None", "Sale Price": "4.99", "Image": "https://assets.shop.loblaws.ca/products/20328231001/b1/en/front/20328231001_front_a01_@2.png", "Brand": "Silk", "Url": "https://www.maxi.ca/almond-beverage-dark-chocolate-flavour/p/20328231001_EA", "Sub Category": null, "English Name": "Almond Beverage, Dark Chocolate Flavour", "Size": "1.89 l", "Size Label": "ea"}, {"Category": "Non-dairy Milk Alternatives", "Aisle": "Drinks", "Sku": "20436299_EA", "Regular Price": "None", "Sale Price": "4.99", "Image": "https://assets.shop.loblaws.ca/products/20436299/b1/en/front/20436299_front_a01_@2.png", "Brand": "Silk", "Url": "https://www.maxi.ca/almond-beverage-vanilla-flavour-dairy-free/p/20436299_EA", "Sub Category": null, "English Name": "Almond Beverage, Vanilla Flavour, Dairy-Free", "Size": "1.89 l", "Size Label": "ea"}, {"Category": "Non-dairy Milk Alternatives", "Aisle": "Drinks", "Sku": "20124384001_EA", "Regular Price": "None", "Sale Price": "4.99", "Image": "https://assets.shop.loblaws.ca/products/20124384001/b1/en/front/20124384001_front_a01_@2.png", "Brand": "Silk", "Url": "https://www.maxi.ca/organic-soy-beverage-original-dairy-free/p/20124384001_EA", "Sub Category": null, "English Name": "Organic Soy Beverage, Original, Dairy-Free", "Size": "1.89 l", "Size Label": "ea"}, {"Category": "Non-dairy Milk Alternatives", "Aisle": "Drinks", "Sku": "20863698_EA", "Regular Price": "None", "Sale Price": "4.99", "Image": "https://assets.shop.loblaws.ca/products/20863698/b1/en/front/20863698_front_a01_@2.png", "Brand": "Silk", "Url": "https://www.maxi.ca/creamy-cashew-beverage-unsweetened-original-dairy/p/20863698_EA", "Sub Category": null, "English Name": "Creamy Cashew Beverage, Unsweetened Original, Dairy-Free", "Size": "1.89 l", "Size Label": "ea"}, {"Category": "Non-dairy Milk Alternatives", "Aisle": "Drinks", "Sku": "21196119_EA", "Regular Price": "None", "Sale Price": "4.99", "Image": "https://assets.shop.loblaws.ca/products/21196119/b1/en/front/21196119_front_a01_@2.png", "Brand": "Silk", "Url": "https://www.maxi.ca/dairy-free-plant-based-oat-beverage-original-plain/p/21196119_EA", "Sub Category": null, "English Name": "Dairy Free Plant Based Oat Beverage, Original, Plain", "Size": "1.75 l", "Size Label": "ea"}, {"Category": "Non-dairy Milk Alternatives", "Aisle": "Drinks", "Sku": "20913872_EA", "Regular Price": "4.00", "Sale Price": "3.79", "Image": "https://assets.shop.loblaws.ca/products/20913872/b1/en/front/20913872_front_a01_@2.png", "Brand": "Earths Own", "Url": "https://www.maxi.ca/almond-beverage-unsweetened-vanilla/p/20913872_EA", "Sub Category": null, "English Name": "Almond Beverage, Unsweetened Vanilla", "Size": "1.89 l", "Size Label": "ea"}, {"Category": "Non-dairy Milk Alternatives", "Aisle": "Drinks", "Sku": "20299698001_EA", "Regular Price": "4.00", "Sale Price": "3.79", "Image": "https://assets.shop.loblaws.ca/products/20299698001/b1/en/front/20299698001_front_a01_@2.png", "Brand": "Earths Own", "Url": "https://www.maxi.ca/almond-beverage-original/p/20299698001_EA", "Sub Category": null, "English Name": "Almond Beverage, Original ", "Size": "1.89 l", "Size Label": "ea"}, {"Category": "Non-dairy Milk Alternatives", "Aisle": "Drinks", "Sku": "21179354_EA", "Regular Price": "None", "Sale Price": "3.79", "Image": "https://assets.shop.loblaws.ca/products/21179354/b1/en/front/21179354_front_a01_@2.png", "Brand": "Earths Own", "Url": "https://www.maxi.ca/oat-beverage-chocolate/p/21179354_EA", "Sub Category": null, "English Name": "Oat Beverage, Chocolate", "Size": "1.75 l", "Size Label": "ea"}, {"Category": "Non-dairy Milk Alternatives", "Aisle": "Drinks", "Sku": "20299698002_EA", "Regular Price": "4.00", "Sale Price": "3.79", "Image": "https://assets.shop.loblaws.ca/products/20299698002/b1/en/front/20299698002_front_a01_@2.png", "Brand": "Earths Own", "Url": "https://www.maxi.ca/almond-beverage-vanilla/p/20299698002_EA", "Sub Category": null, "English Name": "Almond Beverage, Vanilla", "Size": "1.89 l", "Size Label": "ea"}, {"Category": "Non-dairy Milk Alternatives", "Aisle": "Drinks", "Sku": "21357595_EA", "Regular Price": "None", "Sale Price": "2.99", "Image": "https://assets.shop.loblaws.ca/products/21357595/b1/en/front/21357595_front_a01_@2.png", "Brand": "Silk", "Url": "https://www.maxi.ca/oat-beverage-plain-unsweetened-dairy-free-shelf-st/p/21357595_EA", "Sub Category": null, "English Name": "Oat Beverage, Plain, Unsweetened, Dairy-Free, Shelf Stable", "Size": "946 ml", "Size Label": "ea"}, {"Category": "Non-dairy Milk Alternatives", "Aisle": "Drinks", "Sku": "20299698003_EA", "Regular Price": "4.00", "Sale Price": "3.79", "Image": "https://assets.shop.loblaws.ca/products/20299698003/b1/en/front/20299698003_front_a01_@2.png", "Brand": "Earths Own", "Url": "https://www.maxi.ca/almond-beverage-chocolate/p/20299698003_EA", "Sub Category": null, "English Name": "Almond Beverage, Chocolate", "Size": "1.89 l", "Size Label": "ea"}, {"Category": "Non-dairy Milk Alternatives", "Aisle": "Drinks", "Sku": "20299910001_EA", "Regular Price": "None", "Sale Price": "4.29", "Image": "https://assets.shop.loblaws.ca/products/20299910001/b1/en/front/20299910001_front_a01_@2.png", "Brand": "Natura", "Url": "https://www.maxi.ca/organic-soy-beverage-chocolate-omega-3/p/20299910001_EA", "Sub Category": null, "English Name": "Organic Soy Beverage, Chocolate Omega 3", "Size": "1.89 l", "Size Label": "ea"}, {"Category": "Non-dairy Milk Alternatives", "Aisle": "Drinks", "Sku": "20299910003_EA", "Regular Price": "None", "Sale Price": "4.29", "Image": "https://assets.shop.loblaws.ca/products/20299910003/b1/en/front/20299910003_front_a01_@2.png", "Brand": "Natura", "Url": "https://www.maxi.ca/organic-soy-beverage-vanilla-omega-3/p/20299910003_EA", "Sub Category": null, "English Name": "Organic Soy Beverage, Vanilla Omega 3", "Size": "1.89 l", "Size Label": "ea"}, {"Category": "Non-dairy Milk Alternatives", "Aisle": "Drinks", "Sku": "20302242003_EA", "Regular Price": "None", "Sale Price": "4.49", "Image": "https://assets.shop.loblaws.ca/products/20302242003/b1/en/front/20302242003_front_a01_@2.png", "Brand": "Sensational Soy", "Url": "https://www.maxi.ca/vanilla/p/20302242003_EA", "Sub Category": null, "English Name": "Vanilla", "Size": "1.89 l", "Size Label": "ea"}, {"Category": "Non-dairy Milk Alternatives", "Aisle": "Drinks", "Sku": "21357598_EA", "Regular Price": "None", "Sale Price": "5.99", "Image": "https://assets.shop.loblaws.ca/products/21357598/b1/en/front/21357598_front_a01_@2.png", "Brand": "Silk", "Url": "https://www.maxi.ca/barista-almond-for-coffee-dairy-free-shelf-stable/p/21357598_EA", "Sub Category": null, "English Name": "Barista Almond For Coffee, Dairy Free, Shelf Stable", "Size": "946 ml", "Size Label": "ea"}, {"Category": "Non-dairy Milk Alternatives", "Aisle": "Drinks", "Sku": "20302242004_EA", "Regular Price": "None", "Sale Price": "4.49", "Image": "https://assets.shop.loblaws.ca/products/20302242004/b1/en/front/20302242004_front_a01_@2.png", "Brand": "Sensational Soy", "Url": "https://www.maxi.ca/beverage-creamy-original/p/20302242004_EA", "Sub Category": null, "English Name": "Beverage Creamy Original", "Size": "1.89 l", "Size Label": "ea"}, {"Category": "Non-dairy Milk Alternatives", "Aisle": "Drinks", "Sku": "20302242005_EA", "Regular Price": "None", "Sale Price": "4.49", "Image": "https://assets.shop.loblaws.ca/products/20302242005/b1/en/front/20302242005_front_a01_@2.png", "Brand": "Sensational Soy", "Url": "https://www.maxi.ca/lucious-chocolate/p/20302242005_EA", "Sub Category": null, "English Name": "Lucious Chocolate", "Size": "1.89 l", "Size Label": "ea"}, {"Category": "Sports & Energy", "Aisle": "Drinks", "Sku": "20298835002_C24", "Regular Price": "None", "Sale Price": "19.99", "Image": "https://assets.shop.loblaws.ca/products/20298835002/b1/en/front/20298835002_front_a01_@2.png", "Brand": "Gatorade", "Url": "https://www.maxi.ca/frost-4-flavour-sports-drink/p/20298835002_C24", "Sub Category": null, "English Name": "Frost 4 Flavour Sports Drink ", "Size": "24x591.0 ml", "Size Label": "c24"}, {"Category": "Sports & Energy", "Aisle": "Drinks", "Sku": "20303218003_C06", "Regular Price": "None", "Sale Price": "6.49", "Image": "https://assets.shop.loblaws.ca/products/20303218003/b1/en/front/20303218003_front_a01_@2.png", "Brand": "Gatorade", "Url": "https://www.maxi.ca/cool-blue-sports-drink/p/20303218003_C06", "Sub Category": null, "English Name": "Cool Blue Sports Drink ", "Size": "6x591.0 ml", "Size Label": "pack of 6"}, {"Category": "Sports & Energy", "Aisle": "Drinks", "Sku": "20938521_EA", "Regular Price": "None", "Sale Price": "3.29", "Image": "https://assets.shop.loblaws.ca/products/20938521/b1/en/front/20938521_front_a01_@2.png", "Brand": "Monster Energy", "Url": "https://www.maxi.ca/zero-ultra/p/20938521_EA", "Sub Category": null, "English Name": "Zero Ultra", "Size": "473 ml", "Size Label": "ea"}, {"Category": "Sports & Energy", "Aisle": "Drinks", "Sku": "21448637_C24", "Regular Price": "None", "Sale Price": "19.99", "Image": "https://assets.shop.loblaws.ca/products/21448637/b1/en/front/21448637_front_a01_@2.png", "Brand": "Gatorade", "Url": "https://www.maxi.ca/zero-variety-flavour/p/21448637_C24", "Sub Category": null, "English Name": "Zero Variety Flavour", "Size": "24x591.0 ml", "Size Label": "c24"}, {"Category": "Sports & Energy", "Aisle": "Drinks", "Sku": "20312861001_EA", "Regular Price": "None", "Sale Price": "9.99", "Image": "https://assets.shop.loblaws.ca/products/20312861001/b1/en/front/20312861001_front_a01_@2.png", "Brand": "Maxwell House", "Url": "https://www.maxi.ca/original-roast-ground-coffee/p/20312861001_EA", "Sub Category": null, "English Name": "Original Roast Ground Coffee", "Size": "925 g", "Size Label": "ea"}, {"Category": "Sports & Energy", "Aisle": "Drinks", "Sku": "20305775003_EA", "Regular Price": "None", "Sale Price": "1.38", "Image": "https://assets.shop.loblaws.ca/products/20305775003/b1/en/front/20305775003_front_a01_@2.png", "Brand": "Gatorade", "Url": "https://www.maxi.ca/fierce-cool-blue-sports-drink/p/20305775003_EA", "Sub Category": null, "English Name": "Fierce Cool Blue Sports Drink", "Size": "710 ml", "Size Label": "ea"}, {"Category": "Sports & Energy", "Aisle": "Drinks", "Sku": "20325703_C24", "Regular Price": "None", "Sale Price": "19.99", "Image": "https://assets.shop.loblaws.ca/products/20325703/b1/en/front/20325703_front_a01_@2.png", "Brand": "Gatorade", "Url": "https://www.maxi.ca/g2-clubpack-sports-drink/p/20325703_C24", "Sub Category": null, "English Name": "G2 Clubpack Sports Drink ", "Size": "24x591.0 ml", "Size Label": "pack of 24"}, {"Category": "Sports & Energy", "Aisle": "Drinks", "Sku": "20938249_EA", "Regular Price": "None", "Sale Price": "3.29", "Image": "https://assets.shop.loblaws.ca/products/20938249/b1/en/front/20938249_front_a01_@2.png", "Brand": "Monster Energy", "Url": "https://www.maxi.ca/original/p/20938249_EA", "Sub Category": null, "English Name": "Original", "Size": "473 ml", "Size Label": "ea"}, {"Category": "Sports & Energy", "Aisle": "Drinks", "Sku": "20662689_EA", "Regular Price": "None", "Sale Price": "3.49", "Image": "https://assets.shop.loblaws.ca/products/20662689/b1/en/front/20662689_front_a01_@2.png", "Brand": "Starbucks", "Url": "https://www.maxi.ca/frappuccino-vanilla-coffee-drink/p/20662689_EA", "Sub Category": null, "English Name": "Frappuccino Vanilla Coffee Drink", "Size": "405 ml", "Size Label": "ea"}, {"Category": "Sports & Energy", "Aisle": "Drinks", "Sku": "21308076_EA", "Regular Price": "17.99", "Sale Price": "12.99", "Image": "https://assets.shop.loblaws.ca/products/21308076/b1/en/front/21308076_front_a01_@2.png", "Brand": "Maxwell House", "Url": "https://www.maxi.ca/original-roast-coffee-100-compostable-k-cup-coffee/p/21308076_EA", "Sub Category": null, "English Name": "Original Roast Coffee 100% Compostable K Cup Coffee Pods", "Size": "285 g", "Size Label": "ea"}, {"Category": "Sports & Energy", "Aisle": "Drinks", "Sku": "20660857_EA", "Regular Price": "None", "Sale Price": "3.49", "Image": "https://assets.shop.loblaws.ca/products/20660857/b1/en/front/20660857_front_a01_@2.png", "Brand": "Starbucks", "Url": "https://www.maxi.ca/frappuccino-mocha-coffee-drink/p/20660857_EA", "Sub Category": null, "English Name": "Frappuccino Mocha Coffee Drink", "Size": "405 ml", "Size Label": "ea"}, {"Category": "Sports & Energy", "Aisle": "Drinks", "Sku": "20305775001_EA", "Regular Price": "None", "Sale Price": "1.38", "Image": "https://assets.shop.loblaws.ca/products/20305775001/b1/en/front/20305775001_front_a01_@2.png", "Brand": "Gatorade", "Url": "https://www.maxi.ca/fierce-fruit-punch-sports-drink/p/20305775001_EA", "Sub Category": null, "English Name": "Fierce Fruit Punch Sports Drink", "Size": "710 ml", "Size Label": "ea"}, {"Category": "Sports & Energy", "Aisle": "Drinks", "Sku": "20305775004_EA", "Regular Price": "None", "Sale Price": "1.38", "Image": "https://assets.shop.loblaws.ca/products/20305775004/b1/en/front/20305775004_front_a01_@2.png", "Brand": "Gatorade", "Url": "https://www.maxi.ca/fierce-orange-sports-drink/p/20305775004_EA", "Sub Category": null, "English Name": "Fierce Orange Sports Drink", "Size": "710 ml", "Size Label": "ea"}, {"Category": "Sports & Energy", "Aisle": "Drinks", "Sku": "20303218002_C06", "Regular Price": "None", "Sale Price": "6.49", "Image": "https://assets.shop.loblaws.ca/products/20303218002/b1/en/front/20303218002_front_a01_@2.png", "Brand": "Gatorade", "Url": "https://www.maxi.ca/orange-sports-drink/p/20303218002_C06", "Sub Category": null, "English Name": "Orange Sports Drink ", "Size": "6x591.0 ml", "Size Label": "pack of 6"}, {"Category": "Sports & Energy", "Aisle": "Drinks", "Sku": "20854727002_C06", "Regular Price": "None", "Sale Price": "6.49", "Image": "https://assets.shop.loblaws.ca/products/20854727002/b1/en/front/20854727002_front_a01_@2.png", "Brand": "Gatorade", "Url": "https://www.maxi.ca/glacier-cherry-sports-drink/p/20854727002_C06", "Sub Category": null, "English Name": "Glacier Cherry Sports Drink ", "Size": "6x591.0 ml", "Size Label": "pack of 6"}, {"Category": "Sports & Energy", "Aisle": "Drinks", "Sku": "20303218008_C06", "Regular Price": "None", "Sale Price": "6.49", "Image": "https://assets.shop.loblaws.ca/products/20303218008/b1/en/front/20303218008_front_a01_@2.png", "Brand": "Gatorade", "Url": "https://www.maxi.ca/fruit-punch-sports-drink/p/20303218008_C06", "Sub Category": null, "English Name": "Fruit Punch Sports Drink ", "Size": "6x591.0 ml", "Size Label": "pack of 6"}, {"Category": "Sports & Energy", "Aisle": "Drinks", "Sku": "20303218001_C06", "Regular Price": "None", "Sale Price": "6.49", "Image": "https://assets.shop.loblaws.ca/products/20303218001/b1/en/front/20303218001_front_a01_@2.png", "Brand": "Gatorade", "Url": "https://www.maxi.ca/g2-grape/p/20303218001_C06", "Sub Category": null, "English Name": "G2, Grape ", "Size": "6x591.0 ml", "Size Label": "pack of 6"}, {"Category": "Sports & Energy", "Aisle": "Drinks", "Sku": "20702466_EA", "Regular Price": "None", "Sale Price": "2.99", "Image": "https://assets.shop.loblaws.ca/products/20702466/b1/en/front/20702466_front_a01_@2.png", "Brand": "Red Bull", "Url": "https://www.maxi.ca/energy-drink/p/20702466_EA", "Sub Category": null, "English Name": "Energy Drink", "Size": "250 ml", "Size Label": "ea"}, {"Category": "Sports & Energy", "Aisle": "Drinks", "Sku": "20303218004_C06", "Regular Price": "None", "Sale Price": "6.49", "Image": "https://assets.shop.loblaws.ca/products/20303218004/b1/en/front/20303218004_front_a01_@2.png", "Brand": "Gatorade", "Url": "https://www.maxi.ca/lemon-lime-sports-drink-case/p/20303218004_C06", "Sub Category": null, "English Name": "Lemon Lime Sports Drink (Case)", "Size": "6x591.0 ml", "Size Label": "ea"}, {"Category": "Sports & Energy", "Aisle": "Drinks", "Sku": "20853723_EA", "Regular Price": "None", "Sale Price": "1.39", "Image": "https://assets.shop.loblaws.ca/products/20853723/b1/en/front/20853723_front_a01_@2.png", "Brand": "Powerade", "Url": "https://www.maxi.ca/electrolyte-beverage-mixed-berry-bottle/p/20853723_EA", "Sub Category": null, "English Name": "Electrolyte Beverage, Mixed Berry, Bottle", "Size": "710 ml", "Size Label": "ea"}, {"Category": "Sports & Energy", "Aisle": "Drinks", "Sku": "20702497_EA", "Regular Price": "None", "Sale Price": "2.99", "Image": "https://assets.shop.loblaws.ca/products/20702497/b1/en/front/20702497_front_a01_@2.png", "Brand": "Red Bull", "Url": "https://www.maxi.ca/energy-drink-sugar-free/p/20702497_EA", "Sub Category": null, "English Name": "Energy Drink, Sugar Free", "Size": "250 ml", "Size Label": "ea"}, {"Category": "Sports & Energy", "Aisle": "Drinks", "Sku": "20166737001_C04", "Regular Price": "None", "Sale Price": "9.99", "Image": "https://assets.shop.loblaws.ca/products/20166737001/b1/en/front/20166737001_front_a01_@2.png", "Brand": "Red Bull", "Url": "https://www.maxi.ca/energy-drink/p/20166737001_C04", "Sub Category": null, "English Name": "Energy Drink,", "Size": "4x250.0 ml", "Size Label": "pack of 4"}, {"Category": "Sports & Energy", "Aisle": "Drinks", "Sku": "21242429_C12", "Regular Price": "6.99", "Sale Price": "6.49", "Image": "https://assets.shop.loblaws.ca/products/21242429/b1/en/front/21242429_front_a01_@2.png", "Brand": "Peace Tea", "Url": "https://www.maxi.ca/peach-party-cans-12-pack/p/21242429_C12", "Sub Category": null, "English Name": "Peach Party Cans, 12 Pack", "Size": "12x341.0 ml", "Size Label": "pack of 12"}, {"Category": "Sports & Energy", "Aisle": "Drinks", "Sku": "21357112_EA", "Regular Price": "None", "Sale Price": "3.29", "Image": "https://assets.shop.loblaws.ca/products/21357112/b1/en/front/21357112_front_a01_@2.png", "Brand": "Monster Energy", "Url": "https://www.maxi.ca/ultra-fiesta/p/21357112_EA", "Sub Category": null, "English Name": "Ultra Fiesta", "Size": "473 ml", "Size Label": "ea"}, {"Category": "Sports & Energy", "Aisle": "Drinks", "Sku": "21094145_C06", "Regular Price": "None", "Sale Price": "6.49", "Image": "https://assets.shop.loblaws.ca/products/21094145/b1/en/front/21094145_front_a01_@2.png", "Brand": "Gatorade", "Url": "https://www.maxi.ca/frost-arctic-blitz/p/21094145_C06", "Sub Category": null, "English Name": "Frost Arctic Blitz    ", "Size": "6x591.0 ml", "Size Label": "pack of 6"}, {"Category": "Sports & Energy", "Aisle": "Drinks", "Sku": "21013070_C06", "Regular Price": "None", "Sale Price": "6.49", "Image": "https://assets.shop.loblaws.ca/products/21013070/b1/en/front/21013070_front_a01_@2.png", "Brand": "Gatorade", "Url": "https://www.maxi.ca/frost-glacier-freeze-sports-drink/p/21013070_C06", "Sub Category": null, "English Name": "Frost Glacier Freeze Sports Drink ", "Size": "6x591.0 ml", "Size Label": "pack of 6"}, {"Category": "Sports & Energy", "Aisle": "Drinks", "Sku": "20166737002_C04", "Regular Price": "None", "Sale Price": "9.99", "Image": "https://assets.shop.loblaws.ca/products/20166737002/b1/en/front/20166737002_front_a01_@2.png", "Brand": "Red Bull", "Url": "https://www.maxi.ca/energy-drink-sugar-free/p/20166737002_C04", "Sub Category": null, "English Name": "Energy Drink, Sugar Free", "Size": "4x250.0 ml", "Size Label": "pack of 4"}, {"Category": "Sports & Energy", "Aisle": "Drinks", "Sku": "20853721_EA", "Regular Price": "None", "Sale Price": "1.39", "Image": "https://assets.shop.loblaws.ca/products/20853721/b1/en/front/20853721_front_a01_@2.png", "Brand": "Powerade", "Url": "https://www.maxi.ca/electrolyte-beverage-fruit-punch-bottle/p/20853721_EA", "Sub Category": null, "English Name": "Electrolyte Beverage, Fruit Punch, Bottle", "Size": "710 ml", "Size Label": "ea"}, {"Category": "Sports & Energy", "Aisle": "Drinks", "Sku": "20952938_C04", "Regular Price": "None", "Sale Price": "9.99", "Image": "https://assets.shop.loblaws.ca/products/20952938/b1/en/front/20952938_front_a01_@2.png", "Brand": "Red Bull", "Url": "https://www.maxi.ca/energy-drink-tropical-pack-4/p/20952938_C04", "Sub Category": null, "English Name": "Energy Drink, Tropical, Pack 4", "Size": "4x250.0 ea", "Size Label": "c04"}, {"Category": "Sports & Energy", "Aisle": "Drinks", "Sku": "21516205_EA", "Regular Price": "None", "Sale Price": "2.49", "Image": "https://assets.shop.loblaws.ca/products/21516205/b1/en/front/21516205_front_a01_@2.png", "Brand": "Gatorade", "Url": "https://www.maxi.ca/gfit-tropical-mango/p/21516205_EA", "Sub Category": null, "English Name": "GFIT Tropical Mango", "Size": "500 ml", "Size Label": "ea"}, {"Category": "Sports & Energy", "Aisle": "Drinks", "Sku": "20938012_EA", "Regular Price": "None", "Sale Price": "3.29", "Image": "https://assets.shop.loblaws.ca/products/20938012/b1/en/front/20938012_front_a01_@2.png", "Brand": "Monster Energy", "Url": "https://www.maxi.ca/zero-sugar/p/20938012_EA", "Sub Category": null, "English Name": "Zero Sugar", "Size": "473 ml", "Size Label": "ea"}, {"Category": "Sports & Energy", "Aisle": "Drinks", "Sku": "21307944_EA", "Regular Price": "None", "Sale Price": "3.29", "Image": "https://assets.shop.loblaws.ca/products/21307944/b1/en/front/21307944_front_a01_@2.png", "Brand": "Monster Energy", "Url": "https://www.maxi.ca/ultra-rosa/p/21307944_EA", "Sub Category": null, "English Name": "Ultra Rosa", "Size": "473 ml", "Size Label": "ea"}, {"Category": "Sports & Energy", "Aisle": "Drinks", "Sku": "20702497_C24", "Regular Price": "None", "Sale Price": "47.99", "Image": "https://assets.shop.loblaws.ca/products/20702497/b1/en/front/20702497_front_a01_@2.png", "Brand": "Central Dairies", "Url": "https://www.maxi.ca/sugar-free-24-pack/p/20702497_C24", "Sub Category": null, "English Name": "Sugar Free, 24-Pack", "Size": "24x250.0 ml", "Size Label": "c24"}, {"Category": "Sports & Energy", "Aisle": "Drinks", "Sku": "21291177_C04", "Regular Price": "None", "Sale Price": "9.99", "Image": "https://assets.shop.loblaws.ca/products/21291177/b1/en/front/21291177_front_a01_@2.png", "Brand": "Red Bull", "Url": "https://www.maxi.ca/energy-drink-watermelon-pack-4/p/21291177_C04", "Sub Category": null, "English Name": "Energy Drink, Watermelon, Pack 4", "Size": "4x250.0 ml", "Size Label": "c04"}, {"Category": "Sports & Energy", "Aisle": "Drinks", "Sku": "21394805_EA", "Regular Price": "None", "Sale Price": "3.29", "Image": "https://assets.shop.loblaws.ca/products/21394805/b1/en/front/21394805_front_a01_@2.png", "Brand": "Monster Energy", "Url": "https://www.maxi.ca/ultra-watermelon/p/21394805_EA", "Sub Category": null, "English Name": "Ultra Watermelon", "Size": "473 ml", "Size Label": "ea"}, {"Category": "Sports & Energy", "Aisle": "Drinks", "Sku": "21438319_EA", "Regular Price": "None", "Sale Price": "3.29", "Image": "https://assets.shop.loblaws.ca/products/21438319/b1/en/front/21438319_front_a01_@2.png", "Brand": "Monster Energy", "Url": "https://www.maxi.ca/ultra-gold/p/21438319_EA", "Sub Category": null, "English Name": "Ultra Gold", "Size": "473 ml", "Size Label": "ea"}, {"Category": "Sports & Energy", "Aisle": "Drinks", "Sku": "20370365001_EA", "Regular Price": "None", "Sale Price": "4.79", "Image": "https://assets.shop.loblaws.ca/products/20370365001/b1/en/front/20370365001_front_a01_@2.png", "Brand": "Red Bull", "Url": "https://www.maxi.ca/energy-drink/p/20370365001_EA", "Sub Category": null, "English Name": "Energy Drink", "Size": "473 ml", "Size Label": "ea"}, {"Category": "Sports & Energy", "Aisle": "Drinks", "Sku": "20854724_EA", "Regular Price": "None", "Sale Price": "1.39", "Image": "https://assets.shop.loblaws.ca/products/20854724/b1/en/front/20854724_front_a01_@2.png", "Brand": "Powerade", "Url": "https://www.maxi.ca/electrolyte-beverage-orange-bottle/p/20854724_EA", "Sub Category": null, "English Name": "Electrolyte Beverage, Orange, Bottle", "Size": "710 ml", "Size Label": "ea"}, {"Category": "Sports & Energy", "Aisle": "Drinks", "Sku": "21128337_EA", "Regular Price": "None", "Sale Price": "3.29", "Image": "https://assets.shop.loblaws.ca/products/21128337/b1/en/front/21128337_front_a01_@2.png", "Brand": "Monster Energy", "Url": "https://www.maxi.ca/punch-mango-loco/p/21128337_EA", "Sub Category": null, "English Name": "Punch Mango Loco", "Size": "473 ml", "Size Label": "ea"}, {"Category": "Sports & Energy", "Aisle": "Drinks", "Sku": "20096534001_C08", "Regular Price": "None", "Sale Price": "16.49", "Image": "https://assets.shop.loblaws.ca/products/20096534001/b1/en/front/20096534001_front_a01_@2.png", "Brand": "Red Bull", "Url": "https://www.maxi.ca/energy-drink/p/20096534001_C08", "Sub Category": null, "English Name": "Energy Drink", "Size": "8x250.0 ml", "Size Label": "pack of 8"}, {"Category": "Sports & Energy", "Aisle": "Drinks", "Sku": "21450543_C04", "Regular Price": "None", "Sale Price": "9.99", "Image": "https://assets.shop.loblaws.ca/products/21450543/b1/en/front/21450543_front_a01_@2.png", "Brand": "Red Bull", "Url": "https://www.maxi.ca/limited-edition-energy-drink-apricot-strawberry/p/21450543_C04", "Sub Category": null, "English Name": "Limited Edition Energy Drink, Apricot-Strawberry ", "Size": "4x250.0 ml", "Size Label": "c04"}, {"Category": "Sports & Energy", "Aisle": "Drinks", "Sku": "21242490_C12", "Regular Price": "6.99", "Sale Price": "6.49", "Image": "https://assets.shop.loblaws.ca/products/21242490/b1/en/front/21242490_front_a01_@2.png", "Brand": "Peace Tea", "Url": "https://www.maxi.ca/razzleberry/p/21242490_C12", "Sub Category": null, "English Name": "Razzleberry", "Size": "12x341.0 ml", "Size Label": "pack of 12"}, {"Category": "Sports & Energy", "Aisle": "Drinks", "Sku": "20854130_C24", "Regular Price": "None", "Sale Price": "18.49", "Image": "https://assets.shop.loblaws.ca/products/20854130/b1/en/front/20854130_front_a01_@2.png", "Brand": "Powerade", "Url": "https://www.maxi.ca/team-pack-electrolyte-beverage-bottle-24-pack/p/20854130_C24", "Sub Category": null, "English Name": "Team Pack Electrolyte Beverage, Bottle 24 Pack", "Size": "24x591.0 ml", "Size Label": "pack of 24"}, {"Category": "Sports & Energy", "Aisle": "Drinks", "Sku": "20937631_C04", "Regular Price": "None", "Sale Price": "11.49", "Image": "https://assets.shop.loblaws.ca/products/20937631/b1/en/front/20937631_front_a01_@2.png", "Brand": "Monster Energy", "Url": "https://www.maxi.ca/original/p/20937631_C04", "Sub Category": null, "English Name": "Original", "Size": "4x473.0 ml", "Size Label": "pack of 4"}, {"Category": "Sports & Energy", "Aisle": "Drinks", "Sku": "21396365_EA", "Regular Price": "None", "Sale Price": "3.29", "Image": "https://assets.shop.loblaws.ca/products/21396365/b1/en/front/21396365_front_a01_@2.png", "Brand": "Monster Energy", "Url": "https://www.maxi.ca/rehab-tea-lemonade/p/21396365_EA", "Sub Category": null, "English Name": "Rehab Tea+Lemonade", "Size": "458 ml", "Size Label": "ea"}, {"Category": "Sports & Energy", "Aisle": "Drinks", "Sku": "21396364_EA", "Regular Price": "None", "Sale Price": "3.29", "Image": "https://assets.shop.loblaws.ca/products/21396364/b1/en/front/21396364_front_a01_@2.png", "Brand": "Monster Energy", "Url": "https://www.maxi.ca/rehab-peach-tea/p/21396364_EA", "Sub Category": null, "English Name": "Rehab Peach Tea", "Size": "458 ml", "Size Label": "ea"}, {"Category": "Sports & Energy", "Aisle": "Drinks", "Sku": "20938099_EA", "Regular Price": "None", "Sale Price": "3.29", "Image": "https://assets.shop.loblaws.ca/products/20938099/b1/en/front/20938099_front_a01_@2.png", "Brand": "Monster Energy", "Url": "https://www.maxi.ca/java-mean-bean/p/20938099_EA", "Sub Category": null, "English Name": "Java Mean Bean", "Size": "444 ml", "Size Label": "ea"}, {"Category": "Sports & Energy", "Aisle": "Drinks", "Sku": "20767535_C04", "Regular Price": "None", "Sale Price": "11.49", "Image": "https://assets.shop.loblaws.ca/products/20767535/b1/en/front/20767535_front_a01_@2.png", "Brand": "Monster Energy", "Url": "https://www.maxi.ca/zero-ultra/p/20767535_C04", "Sub Category": null, "English Name": "Zero Ultra", "Size": "4x473.0 ml", "Size Label": "pack of 4"}, {"Category": "Sports & Energy", "Aisle": "Drinks", "Sku": "21529177_C04", "Regular Price": "None", "Sale Price": "11.49", "Image": "https://assets.shop.loblaws.ca/products/21529177/b1/en/front/21529177_front_a01_@2.png", "Brand": "Monster Energy", "Url": "https://www.maxi.ca/zero-sugar/p/21529177_C04", "Sub Category": null, "English Name": "Zero Sugar", "Size": "4x473.0 ml", "Size Label": "c04"}, {"Category": "Sports & Energy", "Aisle": "Drinks", "Sku": "20990649_EA", "Regular Price": "None", "Sale Price": "3.29", "Image": "https://assets.shop.loblaws.ca/products/20990649/b1/en/front/20990649_front_a01_@2.png", "Brand": "NOS", "Url": "https://www.maxi.ca/original/p/20990649_EA", "Sub Category": null, "English Name": "Original", "Size": "473 ml", "Size Label": "ea"}, {"Category": "Sports & Energy", "Aisle": "Drinks", "Sku": "21079015_EA", "Regular Price": "None", "Sale Price": "3.29", "Image": "https://assets.shop.loblaws.ca/products/21079015/b1/en/front/21079015_front_a01_@2.png", "Brand": "Monster Energy", "Url": "https://www.maxi.ca/ultra-violet/p/21079015_EA", "Sub Category": null, "English Name": "Ultra Violet", "Size": "473 ml", "Size Label": "ea"}, {"Category": "Sports & Energy", "Aisle": "Drinks", "Sku": "21455402_EA", "Regular Price": "None", "Sale Price": "2.99", "Image": "https://assets.shop.loblaws.ca/products/21455402/b1/en/front/21455402_front_a01_@2.png", "Brand": "Coca-Cola", "Url": "https://www.maxi.ca/coffee-vanilla/p/21455402_EA", "Sub Category": null, "English Name": "Coffee Vanilla", "Size": "355 ml", "Size Label": "ea"}, {"Category": "Tea & Hot Drinks", "Aisle": "Drinks", "Sku": "20276002_EA", "Regular Price": "None", "Sale Price": "3.99", "Image": "https://assets.shop.loblaws.ca/products/20276002/b1/en/front/20276002_front_a01_@2.png", "Brand": "Nestea", "Url": "https://www.maxi.ca/lemon-tea-cartons-10-pack/p/20276002_EA", "Sub Category": null, "English Name": "Lemon Tea, Cartons 10 Pack", "Size": "10x200.0 ml", "Size Label": "ea"}, {"Category": "Tea & Hot Drinks", "Aisle": "Drinks", "Sku": "20130460002_C12", "Regular Price": "6.99", "Sale Price": "6.49", "Image": "https://assets.shop.loblaws.ca/products/20130460002/b1/en/front/20130460002_front_a01_@2.png", "Brand": "Nestea", "Url": "https://www.maxi.ca/iced-tea-lemon/p/20130460002_C12", "Sub Category": null, "English Name": "Iced Tea, Lemon ", "Size": "12x341.0 ml", "Size Label": "c12"}, {"Category": "Tea & Hot Drinks", "Aisle": "Drinks", "Sku": "21215530_EA", "Regular Price": "None", "Sale Price": "8.49", "Image": "https://assets.shop.loblaws.ca/products/21215530/b1/en/front/21215530_front_a01_@2.png", "Brand": "Starbucks", "Url": "https://www.maxi.ca/medium-roast-iced-coffee/p/21215530_EA", "Sub Category": null, "English Name": "Medium Roast Iced Coffee", "Size": "1.42 l", "Size Label": "ea"}, {"Category": "Tea & Hot Drinks", "Aisle": "Drinks", "Sku": "21215527_EA", "Regular Price": "None", "Sale Price": "8.49", "Image": "https://assets.shop.loblaws.ca/products/21215527/b1/en/front/21215527_front_a01_@2.png", "Brand": "Starbucks", "Url": "https://www.maxi.ca/blonde-roast-iced-coffee/p/21215527_EA", "Sub Category": null, "English Name": "Blonde Roast Iced Coffee", "Size": "1.42 l", "Size Label": "ea"}, {"Category": "Tea & Hot Drinks", "Aisle": "Drinks", "Sku": "20312861001_EA", "Regular Price": "None", "Sale Price": "9.99", "Image": "https://assets.shop.loblaws.ca/products/20312861001/b1/en/front/20312861001_front_a01_@2.png", "Brand": "Maxwell House", "Url": "https://www.maxi.ca/original-roast-ground-coffee/p/20312861001_EA", "Sub Category": null, "English Name": "Original Roast Ground Coffee", "Size": "925 g", "Size Label": "ea"}, {"Category": "Tea & Hot Drinks", "Aisle": "Drinks", "Sku": "20755752002_EA", "Regular Price": "None", "Sale Price": "4.29", "Image": "https://assets.shop.loblaws.ca/products/20755752002/b1/en/front/20755752002_front_a01_@2.png", "Brand": "Pure Leaf", "Url": "https://www.maxi.ca/lemon-iced-tea/p/20755752002_EA", "Sub Category": null, "English Name": "Lemon Iced Tea", "Size": "1.75 l", "Size Label": "ea"}, {"Category": "Tea & Hot Drinks", "Aisle": "Drinks", "Sku": "20320646002_C12", "Regular Price": "6.99", "Sale Price": "6.49", "Image": "https://assets.shop.loblaws.ca/products/20320646002/b1/en/front/20320646002_front_a01_@2.png", "Brand": "Nestea", "Url": "https://www.maxi.ca/zero-iced-tea-lemon/p/20320646002_C12", "Sub Category": null, "English Name": "Zero Iced Tea, Lemon   ", "Size": "12x341.0 ml", "Size Label": "pack of 12"}, {"Category": "Tea & Hot Drinks", "Aisle": "Drinks", "Sku": "21080320_EA", "Regular Price": "None", "Sale Price": "1.39", "Image": "https://assets.shop.loblaws.ca/products/21080320/b1/en/front/21080320_front_a01_@2.png", "Brand": "Peace Tea", "Url": "https://www.maxi.ca/peach-party-tea-can/p/21080320_EA", "Sub Category": null, "English Name": "Peach Party Tea, Can", "Size": "695 ml", "Size Label": "ea"}, {"Category": "Tea & Hot Drinks", "Aisle": "Drinks", "Sku": "20760278_EA", "Regular Price": "None", "Sale Price": "4.49", "Image": "https://assets.shop.loblaws.ca/products/20760278/b1/en/front/20760278_front_a01_@2.png", "Brand": "No Name", "Url": "https://www.maxi.ca/hot-chocolate-mix/p/20760278_EA", "Sub Category": null, "English Name": "Hot Chocolate Mix", "Size": "500 g", "Size Label": "ea"}, {"Category": "Tea & Hot Drinks", "Aisle": "Drinks", "Sku": "21308076_EA", "Regular Price": "17.99", "Sale Price": "12.99", "Image": "https://assets.shop.loblaws.ca/products/21308076/b1/en/front/21308076_front_a01_@2.png", "Brand": "Maxwell House", "Url": "https://www.maxi.ca/original-roast-coffee-100-compostable-k-cup-coffee/p/21308076_EA", "Sub Category": null, "English Name": "Original Roast Coffee 100% Compostable K Cup Coffee Pods", "Size": "285 g", "Size Label": "ea"}, {"Category": "Tea & Hot Drinks", "Aisle": "Drinks", "Sku": "21082228_EA", "Regular Price": "None", "Sale Price": "1.39", "Image": "https://assets.shop.loblaws.ca/products/21082228/b1/en/front/21082228_front_a01_@2.png", "Brand": "Peace Tea", "Url": "https://www.maxi.ca/razzleberry-tea-can/p/21082228_EA", "Sub Category": null, "English Name": "Razzleberry Tea, Can", "Size": "695 ml", "Size Label": "ea"}, {"Category": "Tea & Hot Drinks", "Aisle": "Drinks", "Sku": "20059359002_C12", "Regular Price": "None", "Sale Price": "4.99", "Image": "https://assets.shop.loblaws.ca/products/20059359002/b1/en/front/20059359002_front_a01_@2.png", "Brand": "President's Choice", "Url": "https://www.maxi.ca/diet-lemon-iced-tea/p/20059359002_C12", "Sub Category": null, "English Name": "Diet Lemon Iced Tea ", "Size": "12x355.0 ml", "Size Label": "pack of 12"}, {"Category": "Tea & Hot Drinks", "Aisle": "Drinks", "Sku": "20324399_C12", "Regular Price": "None", "Sale Price": "4.99", "Image": "https://assets.shop.loblaws.ca/products/20324399/b1/en/front/20324399_front_a01_@2.png", "Brand": "President's Choice", "Url": "https://www.maxi.ca/lemon-iced-tea-naturally-flavoured/p/20324399_C12", "Sub Category": null, "English Name": "Lemon Iced Tea Naturally Flavoured", "Size": "12x355.0 ml", "Size Label": "pack of 12"}, {"Category": "Tea & Hot Drinks", "Aisle": "Drinks", "Sku": "21021553_C20", "Regular Price": "None", "Sale Price": "10.99", "Image": "https://assets.shop.loblaws.ca/products/21021553/b1/en/front/21021553_front_a01_@2.png", "Brand": "Nestea", "Url": "https://www.maxi.ca/iced-tea/p/21021553_C20", "Sub Category": null, "English Name": "Iced Tea     ", "Size": "20x341.0 ml", "Size Label": "pack of 20"}, {"Category": "Tea & Hot Drinks", "Aisle": "Drinks", "Sku": "20755752001_EA", "Regular Price": "None", "Sale Price": "4.29", "Image": "https://assets.shop.loblaws.ca/products/20755752001/b1/en/front/20755752001_front_a01_@2.png", "Brand": "Pure Leaf", "Url": "https://www.maxi.ca/raspberry-iced-tea/p/20755752001_EA", "Sub Category": null, "English Name": "Raspberry Iced Tea", "Size": "1.75 l", "Size Label": "ea"}, {"Category": "Tea & Hot Drinks", "Aisle": "Drinks", "Sku": "20711158_EA", "Regular Price": "None", "Sale Price": "4.99", "Image": "https://assets.shop.loblaws.ca/products/20711158/b1/en/front/20711158_front_a01_@2.png", "Brand": "Tetley", "Url": "https://www.maxi.ca/peppermint-herbal-cannister-pack/p/20711158_EA", "Sub Category": null, "English Name": "Peppermint Herbal Cannister Pack", "Size": "20 ea", "Size Label": "ea"}, {"Category": "Tea & Hot Drinks", "Aisle": "Drinks", "Sku": "20627612001_EA", "Regular Price": "None", "Sale Price": "3.99", "Image": "https://assets.shop.loblaws.ca/products/20627612001/b1/en/front/20627612001_front_a01_@2.png", "Brand": "President's Choice", "Url": "https://www.maxi.ca/camomile-herbal-tea/p/20627612001_EA", "Sub Category": null, "English Name": "Camomile Herbal Tea", "Size": "20 ea", "Size Label": "ea"}, {"Category": "Tea & Hot Drinks", "Aisle": "Drinks", "Sku": "20860677_EA", "Regular Price": "None", "Sale Price": "2.00", "Image": "https://assets.shop.loblaws.ca/products/20860677/b1/en/front/20860677_front_a01_@2.png", "Brand": "No Name", "Url": "https://www.maxi.ca/iced-tea/p/20860677_EA", "Sub Category": null, "English Name": "Iced Tea", "Size": "1.75 l", "Size Label": "ea"}, {"Category": "Tea & Hot Drinks", "Aisle": "Drinks", "Sku": "21082610_EA", "Regular Price": "None", "Sale Price": "1.29", "Image": "https://assets.shop.loblaws.ca/products/21082610/b1/en/front/21082610_front_a01_@2.png", "Brand": "Brisk", "Url": "https://www.maxi.ca/lemon-iced-tea/p/21082610_EA", "Sub Category": null, "English Name": "Lemon Iced Tea", "Size": "710 ml", "Size Label": "ea"}, {"Category": "Tea & Hot Drinks", "Aisle": "Drinks", "Sku": "21367721_EA", "Regular Price": "None", "Sale Price": "1.39", "Image": "https://assets.shop.loblaws.ca/products/21367721/b1/en/front/21367721_front_a01_@2.png", "Brand": "Peace Tea", "Url": "https://www.maxi.ca/strawberry-lemon-tea/p/21367721_EA", "Sub Category": null, "English Name": "Strawberry Lemon Tea", "Size": "695 ml", "Size Label": "ea"}, {"Category": "Tea & Hot Drinks", "Aisle": "Drinks", "Sku": "21426848_EA", "Regular Price": "None", "Sale Price": "1.29", "Image": "https://assets.shop.loblaws.ca/products/21426848/b1/en/front/21426848_front_a01_@2.png", "Brand": "Brisk", "Url": "https://www.maxi.ca/zero-lemon-iced-tea/p/21426848_EA", "Sub Category": null, "English Name": "Zero Lemon Iced Tea", "Size": "710 ml", "Size Label": "ea"}, {"Category": "Tea & Hot Drinks", "Aisle": "Drinks", "Sku": "21376451_EA", "Regular Price": "None", "Sale Price": "2.99", "Image": "https://assets.shop.loblaws.ca/products/21376451/b1/en/front/21376451_front_a01_@2.png", "Brand": "No Name", "Url": "https://www.maxi.ca/peppermint-herbal-tea/p/21376451_EA", "Sub Category": null, "English Name": "Peppermint Herbal Tea", "Size": "36 g", "Size Label": "ea"}, {"Category": "Tea & Hot Drinks", "Aisle": "Drinks", "Sku": "21295930_EA", "Regular Price": "None", "Sale Price": "8.99", "Image": "https://assets.shop.loblaws.ca/products/21295930/b1/en/front/21295930_front_a01_@2.png", "Brand": "Tazo", "Url": "https://www.maxi.ca/chai-latte-tea-concentrate/p/21295930_EA", "Sub Category": null, "English Name": "Chai Latte Tea Concentrate", "Size": "946 ml", "Size Label": "ea"}, {"Category": "Tea & Hot Drinks", "Aisle": "Drinks", "Sku": "21360854_EA", "Regular Price": "None", "Sale Price": "1.29", "Image": "https://assets.shop.loblaws.ca/products/21360854/b1/en/front/21360854_front_a01_@2.png", "Brand": "Brisk", "Url": "https://www.maxi.ca/blackberry-iced-tea/p/21360854_EA", "Sub Category": null, "English Name": "Blackberry Iced Tea", "Size": "710 ml", "Size Label": "ea"}, {"Category": "Tea & Hot Drinks", "Aisle": "Drinks", "Sku": "21018461_EA", "Regular Price": "None", "Sale Price": "3.99", "Image": "https://assets.shop.loblaws.ca/products/21018461/b1/en/front/21018461_front_a01_@2.png", "Brand": "Nestea", "Url": "https://www.maxi.ca/peach-tea-cartons-10-pack/p/21018461_EA", "Sub Category": null, "English Name": "Peach Tea, Cartons 10 Pack", "Size": "10x200.0 ml", "Size Label": "ea"}, {"Category": "Tea & Hot Drinks", "Aisle": "Drinks", "Sku": "21086076_EA", "Regular Price": "None", "Sale Price": "6.99", "Image": "https://assets.shop.loblaws.ca/products/21086076/b1/en/front/21086076_front_a01_@2.png", "Brand": "Gold Peak", "Url": "https://www.maxi.ca/lemon-tea-jug/p/21086076_EA", "Sub Category": null, "English Name": "Lemon Tea, Jug", "Size": "2.63 l", "Size Label": "ea"}, {"Category": "Tea & Hot Drinks", "Aisle": "Drinks", "Sku": "21041744_EA", "Regular Price": "5.99", "Sale Price": "4.49", "Image": "https://assets.shop.loblaws.ca/products/21041744/b1/en/front/21041744_front_a01_@2.png", "Brand": "Carnation", "Url": "https://www.maxi.ca/hot-chocolate/p/21041744_EA", "Sub Category": null, "English Name": "Hot Chocolate", "Size": "25 g", "Size Label": "ea"}, {"Category": "Tea & Hot Drinks", "Aisle": "Drinks", "Sku": "20722550_EA", "Regular Price": "None", "Sale Price": "4.99", "Image": "https://assets.shop.loblaws.ca/products/20722550/b1/en/front/20722550_front_a01_@2.png", "Brand": "Tetley", "Url": "https://www.maxi.ca/earl-grey-decaffeinated-specialty-cannister-pack/p/20722550_EA", "Sub Category": null, "English Name": "Earl Grey Decaffeinated Specialty Cannister Pack", "Size": "24 ea", "Size Label": "ea"}, {"Category": "Tea & Hot Drinks", "Aisle": "Drinks", "Sku": "20059359003_C12", "Regular Price": "None", "Sale Price": "4.99", "Image": "https://assets.shop.loblaws.ca/products/20059359003/b1/en/front/20059359003_front_a01_@2.png", "Brand": "President's Choice", "Url": "https://www.maxi.ca/lemonade/p/20059359003_C12", "Sub Category": null, "English Name": "Lemonade", "Size": "12x355.0 ml", "Size Label": "pack of 12"}, {"Category": "Tea & Hot Drinks", "Aisle": "Drinks", "Sku": "20958183_EA", "Regular Price": "None", "Sale Price": "4.29", "Image": "https://assets.shop.loblaws.ca/products/20958183/b1/en/front/20958183_front_a01_@2.png", "Brand": "Pure Leaf", "Url": "https://www.maxi.ca/peach-tea/p/20958183_EA", "Sub Category": null, "English Name": "Peach Tea", "Size": "1.75 l", "Size Label": "ea"}, {"Category": "Tea & Hot Drinks", "Aisle": "Drinks", "Sku": "20305370_EA", "Regular Price": "None", "Sale Price": "3.99", "Image": "https://assets.shop.loblaws.ca/products/20305370/b1/en/front/20305370_front_a01_@2.png", "Brand": "President's Choice", "Url": "https://www.maxi.ca/mint-refresher-herbal-tea/p/20305370_EA", "Sub Category": null, "English Name": "Mint Refresher Herbal Tea", "Size": "20 ea", "Size Label": "ea"}, {"Category": "Tea & Hot Drinks", "Aisle": "Drinks", "Sku": "21022542_EA", "Regular Price": "None", "Sale Price": "4.99", "Image": "https://assets.shop.loblaws.ca/products/21022542/b1/en/front/21022542_front_a01_@2.png", "Brand": "President's Choice", "Url": "https://www.maxi.ca/dark-roast-black-cold-brew-coffee/p/21022542_EA", "Sub Category": null, "English Name": "Dark Roast Black Cold Brew Coffee", "Size": "900 ml", "Size Label": "ea"}, {"Category": "Tea & Hot Drinks", "Aisle": "Drinks", "Sku": "20114239_EA", "Regular Price": "None", "Sale Price": "4.99", "Image": "https://assets.shop.loblaws.ca/products/20114239/b1/en/front/20114239_front_a01_@2.png", "Brand": "Lynch", "Url": "https://www.maxi.ca/hot-apple-cider-mix-original/p/20114239_EA", "Sub Category": null, "English Name": "Hot Apple Cider Mix, Original", "Size": "230 g", "Size Label": "ea"}, {"Category": "Tea & Hot Drinks", "Aisle": "Drinks", "Sku": "20005589_EA", "Regular Price": "None", "Sale Price": "12.49", "Image": "https://assets.shop.loblaws.ca/products/20005589/b1/en/front/20005589_front_a01_@2.png", "Brand": "No Name", "Url": "https://www.maxi.ca/hot-chocolate-mix/p/20005589_EA", "Sub Category": null, "English Name": "Hot Chocolate Mix ", "Size": "1.8 kg", "Size Label": "ea"}, {"Category": "Tea & Hot Drinks", "Aisle": "Drinks", "Sku": "20078830_EA", "Regular Price": "None", "Sale Price": "6.99", "Image": "https://assets.shop.loblaws.ca/products/20078830/b1/en/front/20078830_front_a01_@2.png", "Brand": "Tetley", "Url": "https://www.maxi.ca/the-orange-pekoe/p/20078830_EA", "Sub Category": null, "English Name": "The Orange Pekoe", "Size": "144 ea", "Size Label": "ea"}, {"Category": "Tea & Hot Drinks", "Aisle": "Drinks", "Sku": "21398805_EA", "Regular Price": "None", "Sale Price": "6.99", "Image": "https://assets.shop.loblaws.ca/products/21398805/b1/en/front/21398805_front_a01_@2.png", "Brand": "Carnation", "Url": "https://www.maxi.ca/marshmallow-hot-chocolate-canister/p/21398805_EA", "Sub Category": null, "English Name": "Marshmallow Hot Chocolate Canister", "Size": "450 g", "Size Label": "ea"}, {"Category": "Tea & Hot Drinks", "Aisle": "Drinks", "Sku": "21111078_EA", "Regular Price": "None", "Sale Price": "5.99", "Image": "https://assets.shop.loblaws.ca/products/21111078/b1/en/front/21111078_front_a01_@2.png", "Brand": "Twinings", "Url": "https://www.maxi.ca/lemon-ginger-tea/p/21111078_EA", "Sub Category": null, "English Name": "Lemon & Ginger Tea", "Size": "50 ea", "Size Label": "ea"}, {"Category": "Tea & Hot Drinks", "Aisle": "Drinks", "Sku": "21541288_EA", "Regular Price": "None", "Sale Price": "8.99", "Image": "https://assets.shop.loblaws.ca/products/21541288/b1/en/front/21541288_front_a01_@2.png", "Brand": "Starbucks", "Url": "https://www.maxi.ca/signature-hot-chocolate-mix-40-cocoa/p/21541288_EA", "Sub Category": null, "English Name": "Signature Hot Chocolate Mix 40% Cocoa", "Size": "300 g", "Size Label": "ea"}, {"Category": "Tea & Hot Drinks", "Aisle": "Drinks", "Sku": "20323107_EA", "Regular Price": "None", "Sale Price": "5.99", "Image": "https://assets.shop.loblaws.ca/products/20323107/b1/en/front/20323107_front_a01_@2.png", "Brand": "Twinings", "Url": "https://www.maxi.ca/50ct-earl-grey/p/20323107_EA", "Sub Category": null, "English Name": "50ct Earl Grey", "Size": "50 ea", "Size Label": "ea"}, {"Category": "Tea & Hot Drinks", "Aisle": "Drinks", "Sku": "20160518_EA", "Regular Price": "None", "Sale Price": "2.79", "Image": "https://assets.shop.loblaws.ca/products/20160518/b1/en/front/20160518_front_a01_@2.png", "Brand": "No Name", "Url": "https://www.maxi.ca/2-cup-black-tea-bags/p/20160518_EA", "Sub Category": null, "English Name": "2-Cup Black Tea Bags", "Size": "100 ea", "Size Label": "ea"}, {"Category": "Tea & Hot Drinks", "Aisle": "Drinks", "Sku": "21125237_EA", "Regular Price": "None", "Sale Price": "5.49", "Image": "https://assets.shop.loblaws.ca/products/21125237/b1/en/front/21125237_front_a01_@2.png", "Brand": "President's Choice", "Url": "https://www.maxi.ca/chocolate-milk-mix/p/21125237_EA", "Sub Category": null, "English Name": "Chocolate Milk Mix", "Size": "750 g", "Size Label": "ea"}, {"Category": "Tea & Hot Drinks", "Aisle": "Drinks", "Sku": "21314158_EA", "Regular Price": "None", "Sale Price": "5.99", "Image": "https://assets.shop.loblaws.ca/products/21314158/b1/en/front/21314158_front_a01_@2.png", "Brand": "Tim Hortons", "Url": "https://www.maxi.ca/hot-chocolate-sachet/p/21314158_EA", "Sub Category": null, "English Name": "Hot Chocolate Sachet", "Size": "8 ea", "Size Label": "ea"}, {"Category": "Tea & Hot Drinks", "Aisle": "Drinks", "Sku": "21111068_EA", "Regular Price": "None", "Sale Price": "5.99", "Image": "https://assets.shop.loblaws.ca/products/21111068/b1/en/front/21111068_front_a01_@2.png", "Brand": "Twinings", "Url": "https://www.maxi.ca/50ct-pure-peppermint/p/21111068_EA", "Sub Category": null, "English Name": "50ct Pure Peppermint", "Size": "50 ea", "Size Label": "ea"}, {"Category": "Tea & Hot Drinks", "Aisle": "Drinks", "Sku": "21480614_EA", "Regular Price": "None", "Sale Price": "4.29", "Image": "https://assets.shop.loblaws.ca/products/21480614/b1/en/front/21480614_front_a01_@2.png", "Brand": "Tetley", "Url": "https://www.maxi.ca/herbal-tea-live-calm-camomile-spearmint-orange/p/21480614_EA", "Sub Category": null, "English Name": "Herbal Tea Live Calm Camomile Spearmint Orange", "Size": "30 g", "Size Label": "ea"}, {"Category": "Tea & Hot Drinks", "Aisle": "Drinks", "Sku": "21087023_EA", "Regular Price": "20.99", "Sale Price": "17.99", "Image": "https://assets.shop.loblaws.ca/products/21087023/b1/en/front/21087023_front_a01_@2.png", "Brand": "Carnation", "Url": "https://www.maxi.ca/hot-chocolate-30-capsules/p/21087023_EA", "Sub Category": null, "English Name": "Hot Chocolate 30 Capsules ", "Size": "450 g", "Size Label": "ea"}, {"Category": "Tea & Hot Drinks", "Aisle": "Drinks", "Sku": "21376440_EA", "Regular Price": "None", "Sale Price": "2.99", "Image": "https://assets.shop.loblaws.ca/products/21376440/b1/en/front/21376440_front_a01_@2.png", "Brand": "No Name", "Url": "https://www.maxi.ca/camomile-herbal-tea/p/21376440_EA", "Sub Category": null, "English Name": "Camomile Herbal Tea", "Size": "24 g", "Size Label": "ea"}, {"Category": "Tea & Hot Drinks", "Aisle": "Drinks", "Sku": "20006148001_EA", "Regular Price": "None", "Sale Price": "5.99", "Image": "https://assets.shop.loblaws.ca/products/20006148001/b1/en/front/20006148001_front_a01_@2.png", "Brand": "Twinings", "Url": "https://www.maxi.ca/50ct-english-breakfast/p/20006148001_EA", "Sub Category": null, "English Name": "50ct English Breakfast", "Size": "50 ea", "Size Label": "ea"}, {"Category": "Tea & Hot Drinks", "Aisle": "Drinks", "Sku": "21013895_EA", "Regular Price": "None", "Sale Price": "4.99", "Image": "https://assets.shop.loblaws.ca/products/21013895/b1/en/front/21013895_front_a01_@2.png", "Brand": "Gold Peak", "Url": "https://www.maxi.ca/rasberry-tea-carafe/p/21013895_EA", "Sub Category": null, "English Name": "Rasberry Tea, Carafe", "Size": "1.75 l", "Size Label": "ea"}, {"Category": "Tea & Hot Drinks", "Aisle": "Drinks", "Sku": "21467346_EA", "Regular Price": "None", "Sale Price": "3.99", "Image": "https://assets.shop.loblaws.ca/products/21467346/b1/en/front/21467346_front_a01_@2.png", "Brand": "President's Choice", "Url": "https://www.maxi.ca/hibiscus-white-tea/p/21467346_EA", "Sub Category": null, "English Name": "Hibiscus White Tea", "Size": "20 ea", "Size Label": "ea"}, {"Category": "Tea & Hot Drinks", "Aisle": "Drinks", "Sku": "21438897_EA", "Regular Price": "3.29", "Sale Price": "2.99", "Image": "https://assets.shop.loblaws.ca/products/21438897/b1/en/front/21438897_front_a01_@2.png", "Brand": "Rougemont", "Url": "https://www.maxi.ca/not-from-concentrate-apple-juice-boxes/p/21438897_EA", "Sub Category": null, "English Name": "Not From Concentrate Apple Juice Boxes", "Size": "8x200.0 ml", "Size Label": "ea"}, {"Category": "Tea & Hot Drinks", "Aisle": "Drinks", "Sku": "20627616003_EA", "Regular Price": "None", "Sale Price": "3.99", "Image": "https://assets.shop.loblaws.ca/products/20627616003/b1/en/front/20627616003_front_a01_@2.png", "Brand": "President's Choice", "Url": "https://www.maxi.ca/lemon-thriller-herbal-tea/p/20627616003_EA", "Sub Category": null, "English Name": "Lemon Thriller Herbal Tea", "Size": "20 ea", "Size Label": "ea"}, {"Category": "Tea & Hot Drinks", "Aisle": "Drinks", "Sku": "21549129_EA", "Regular Price": "None", "Sale Price": "5.89", "Image": "https://assets.shop.loblaws.ca/products/21549129/b1/en/front/21549129_front_a01_@2.png", "Brand": "President's Choice", "Url": "https://www.maxi.ca/the-decadent-hot-chocolate-mix/p/21549129_EA", "Sub Category": null, "English Name": "The Decadent Hot Chocolate Mix", "Size": "450 g", "Size Label": "ea"}, {"Category": "Tea & Hot Drinks", "Aisle": "Drinks", "Sku": "21438904_C12", "Regular Price": "6.99", "Sale Price": "6.49", "Image": "https://assets.shop.loblaws.ca/products/21438904/b1/en/front/21438904_front_a01_@2.png", "Brand": "Nestea", "Url": "https://www.maxi.ca/raspberry-can/p/21438904_C12", "Sub Category": null, "English Name": "Raspberry Can", "Size": "12x341.0 ml", "Size Label": "c12"}, {"Category": "Tea & Hot Drinks", "Aisle": "Drinks", "Sku": "21430567_EA", "Regular Price": "None", "Sale Price": "4.99", "Image": "https://assets.shop.loblaws.ca/products/21430567/b1/en/front/21430567_front_a01_@2.png", "Brand": "President's Choice", "Url": "https://www.maxi.ca/cucumber-mint-flavour-green-tea/p/21430567_EA", "Sub Category": null, "English Name": "Cucumber Mint Flavour Green Tea", "Size": "1.54 l", "Size Label": "ea"}, {"Category": "Tea & Hot Drinks", "Aisle": "Drinks", "Sku": "20914506_EA", "Regular Price": "None", "Sale Price": "12.99", "Image": "https://assets.shop.loblaws.ca/products/20914506/b1/en/front/20914506_front_a01_@2.png", "Brand": "Starbucks", "Url": "https://www.maxi.ca/classic-hot-cocoa-k-cup-pods-box/p/20914506_EA", "Sub Category": null, "English Name": "Classic Hot Cocoa K-Cup Pods Box", "Size": "10 ea", "Size Label": "ea"}, {"Category": "Tea & Hot Drinks", "Aisle": "Drinks", "Sku": "21013891_EA", "Regular Price": "None", "Sale Price": "4.99", "Image": "https://assets.shop.loblaws.ca/products/21013891/b1/en/front/21013891_front_a01_@2.png", "Brand": "Minute Maid", "Url": "https://www.maxi.ca/gold-peak-iced-tea-natural-lemon-flavour/p/21013891_EA", "Sub Category": null, "English Name": "Gold Peak Iced Tea (Natural Lemon Flavour)", "Size": "1.75 l", "Size Label": "ea"}, {"Category": "Tea & Hot Drinks", "Aisle": "Drinks", "Sku": "21087669_EA", "Regular Price": "None", "Sale Price": "2.99", "Image": "https://assets.shop.loblaws.ca/products/21087669/b1/en/front/21087669_front_a01_@2.png", "Brand": "President's Choice", "Url": "https://www.maxi.ca/cold-brew-nitro-black-coffee/p/21087669_EA", "Sub Category": null, "English Name": "Cold Brew Nitro Black Coffee", "Size": "355 ml", "Size Label": "ea"}, {"Category": "Tea & Hot Drinks", "Aisle": "Drinks", "Sku": "21467333_EA", "Regular Price": "None", "Sale Price": "3.99", "Image": "https://assets.shop.loblaws.ca/products/21467333/b1/en/front/21467333_front_a01_@2.png", "Brand": "President's Choice", "Url": "https://www.maxi.ca/chocolatey-peppermint-herbal-tea/p/21467333_EA", "Sub Category": null, "English Name": "Chocolatey Peppermint Herbal Tea", "Size": "20 ea", "Size Label": "ea"}, {"Category": "Tea & Hot Drinks", "Aisle": "Drinks", "Sku": "21467338_EA", "Regular Price": "None", "Sale Price": "3.99", "Image": "https://assets.shop.loblaws.ca/products/21467338/b1/en/front/21467338_front_a01_@2.png", "Brand": "President's Choice", "Url": "https://www.maxi.ca/vanilla-black-tea/p/21467338_EA", "Sub Category": null, "English Name": "Vanilla Black Tea", "Size": "20 ea", "Size Label": "ea"}, {"Category": "Tea & Hot Drinks", "Aisle": "Drinks", "Sku": "21123226_EA", "Regular Price": "None", "Sale Price": "19.99", "Image": "https://assets.shop.loblaws.ca/products/21123226/b1/en/front/21123226_front_a01_@2.png", "Brand": "Carnation", "Url": "https://www.maxi.ca/rich-and-creamy-hot-chocolate-large-canister/p/21123226_EA", "Sub Category": null, "English Name": "Rich And Creamy Hot Chocolate, Large Canister", "Size": "1.7 kg", "Size Label": "ea"}, {"Category": "Tea & Hot Drinks", "Aisle": "Drinks", "Sku": "21397690_EA", "Regular Price": "None", "Sale Price": "6.99", "Image": "https://assets.shop.loblaws.ca/products/21397690/b1/en/front/21397690_front_a01_@2.png", "Brand": "Carnation", "Url": "https://www.maxi.ca/frozen-hot-chocolate/p/21397690_EA", "Sub Category": null, "English Name": "Frozen Hot Chocolate", "Size": "450 g", "Size Label": "ea"}, {"Category": "Tea & Hot Drinks", "Aisle": "Drinks", "Sku": "21480220_EA", "Regular Price": "None", "Sale Price": "4.29", "Image": "https://assets.shop.loblaws.ca/products/21480220/b1/en/front/21480220_front_a01_@2.png", "Brand": "Tetley", "Url": "https://www.maxi.ca/herbal-tea-peppermint-spearmint-caffeine-free/p/21480220_EA", "Sub Category": null, "English Name": "Herbal Tea Peppermint Spearmint Caffeine Free", "Size": "32 g", "Size Label": "ea"}, {"Category": "Tea & Hot Drinks", "Aisle": "Drinks", "Sku": "21467336_EA", "Regular Price": "None", "Sale Price": "3.99", "Image": "https://assets.shop.loblaws.ca/products/21467336/b1/en/front/21467336_front_a01_@2.png", "Brand": "President's Choice", "Url": "https://www.maxi.ca/maple-rooibos-red-tea/p/21467336_EA", "Sub Category": null, "English Name": "Maple Rooibos Red Tea", "Size": "20 ea", "Size Label": "ea"}, {"Category": "Tea & Hot Drinks", "Aisle": "Drinks", "Sku": "21427851_EA", "Regular Price": "None", "Sale Price": "5.99", "Image": "https://assets.shop.loblaws.ca/products/21427851/b1/en/front/21427851_front_a01_@2.png", "Brand": "Twinings", "Url": "https://www.maxi.ca/herbal-tea-goodnight-blend/p/21427851_EA", "Sub Category": null, "English Name": "Herbal Tea Goodnight Blend", "Size": "50 ea", "Size Label": "ea"}, {"Category": "Tea & Hot Drinks", "Aisle": "Drinks", "Sku": "20712339_EA", "Regular Price": "None", "Sale Price": "4.99", "Image": "https://assets.shop.loblaws.ca/products/20712339/b1/en/front/20712339_front_a01_@2.png", "Brand": "Tetley", "Url": "https://www.maxi.ca/pure-green-specialty-tea/p/20712339_EA", "Sub Category": null, "English Name": "Pure Green Specialty Tea   ", "Size": "24 ea", "Size Label": "ea"}, {"Category": "Tea & Hot Drinks", "Aisle": "Drinks", "Sku": "21480613_EA", "Regular Price": "None", "Sale Price": "4.99", "Image": "https://assets.shop.loblaws.ca/products/21480613/b1/en/front/21480613_front_a01_@2.png", "Brand": "President's Choice", "Url": "https://www.maxi.ca/dark-chocolate-peppermint-candy-hot-cocoa-mix/p/21480613_EA", "Sub Category": null, "English Name": "Dark Chocolate Peppermint Candy Hot Cocoa Mix", "Size": "500 g", "Size Label": "ea"}, {"Category": "Tea & Hot Drinks", "Aisle": "Drinks", "Sku": "21430637_EA", "Regular Price": "None", "Sale Price": "4.99", "Image": "https://assets.shop.loblaws.ca/products/21430637/b1/en/front/21430637_front_a01_@2.png", "Brand": "President's Choice", "Url": "https://www.maxi.ca/lavender-flavour-white-tea/p/21430637_EA", "Sub Category": null, "English Name": "Lavender Flavour White Tea", "Size": "1.54 l", "Size Label": "ea"}, {"Category": "Tea & Hot Drinks", "Aisle": "Drinks", "Sku": "21549711_EA", "Regular Price": "None", "Sale Price": "7.29", "Image": "https://assets.shop.loblaws.ca/products/21549711/b1/en/front/21549711_front_a01_@2.png", "Brand": "Nestl\u00e9", "Url": "https://www.maxi.ca/carnation-hot-chocolate-mix-turtles/p/21549711_EA", "Sub Category": null, "English Name": "Carnation Hot Chocolate Mix Turtles", "Size": "400 g", "Size Label": "ea"}, {"Category": "Tea & Hot Drinks", "Aisle": "Drinks", "Sku": "21480278_EA", "Regular Price": "None", "Sale Price": "4.29", "Image": "https://assets.shop.loblaws.ca/products/21480278/b1/en/front/21480278_front_a01_@2.png", "Brand": "Tetley", "Url": "https://www.maxi.ca/herbal-tea-live-bold-cinnamon-chai-rooibos/p/21480278_EA", "Sub Category": null, "English Name": "Herbal Tea Live Bold Cinnamon Chai Rooibos", "Size": "40 g", "Size Label": "ea"}, {"Category": "Tea & Hot Drinks", "Aisle": "Drinks", "Sku": "20839023_EA", "Regular Price": "None", "Sale Price": "11.99", "Image": "https://assets.shop.loblaws.ca/products/20839023/b1/en/front/20839023_front_a01_@2.png", "Brand": "Red Rose", "Url": "https://www.maxi.ca/orange-pekoe-black-tea-100-rainforest-alliance-cer/p/20839023_EA", "Sub Category": null, "English Name": "Orange Pekoe Black Tea 100% Rainforest Alliance Certified", "Size": "216 ea", "Size Label": "ea"}, {"Category": "Tea & Hot Drinks", "Aisle": "Drinks", "Sku": "20055988_EA", "Regular Price": "None", "Sale Price": "6.99", "Image": "https://assets.shop.loblaws.ca/products/20055988/b1/en/front/20055988_front_a01_@2.png", "Brand": "Tim Hortons", "Url": "https://www.maxi.ca/hot-chocolate/p/20055988_EA", "Sub Category": null, "English Name": "Hot Chocolate", "Size": "500 g", "Size Label": "ea"}, {"Category": "Tea & Hot Drinks", "Aisle": "Drinks", "Sku": "21111073_EA", "Regular Price": "None", "Sale Price": "5.99", "Image": "https://assets.shop.loblaws.ca/products/21111073/b1/en/front/21111073_front_a01_@2.png", "Brand": "Twinings", "Url": "https://www.maxi.ca/50ct-pure-camomile/p/21111073_EA", "Sub Category": null, "English Name": "50ct Pure Camomile", "Size": "50 ea", "Size Label": "ea"}, {"Category": "Water", "Aisle": "Drinks", "Sku": "20137898_C24", "Regular Price": "3.29", "Sale Price": "2.89", "Image": "https://assets.shop.loblaws.ca/products/20137898/b1/en/front/20137898_front_a01_@2.png", "Brand": "President's Choice", "Url": "https://www.maxi.ca/natural-spring-water-24-pack/p/20137898_C24", "Sub Category": null, "English Name": "Natural Spring Water 24 Pack", "Size": "24x500.0 ml", "Size Label": "pack of 24"}, {"Category": "Water", "Aisle": "Drinks", "Sku": "20060696_C24", "Regular Price": "None", "Sale Price": "4.49", "Image": "https://assets.shop.loblaws.ca/products/20060696/b1/en/front/20060696_front_a01_@2.png", "Brand": "Nestl\u00e9", "Url": "https://www.maxi.ca/purelife-natural-spring-water/p/20060696_C24", "Sub Category": null, "English Name": "Purelife Natural Spring Water", "Size": "24x500.0 ml", "Size Label": "c24"}, {"Category": "Water", "Aisle": "Drinks", "Sku": "20668034002_C01", "Regular Price": "None", "Sale Price": "4.99", "Image": "https://assets.shop.loblaws.ca/products/206680340023/b1/en/front/206680340023_front_a01_@2.png", "Brand": "PC Blue Menu", "Url": "https://www.maxi.ca/lime-sparkling-water-12-pack/p/20668034002_C01", "Sub Category": null, "English Name": "Lime Sparkling Water, 12-Pack", "Size": "12x355.0 ml", "Size Label": "ea"}, {"Category": "Water", "Aisle": "Drinks", "Sku": "21185641_EA", "Regular Price": "None", "Sale Price": "1.79", "Image": "https://assets.shop.loblaws.ca/products/21185641/b1/en/front/21185641_front_a01_@2.png", "Brand": "President's Choice", "Url": "https://www.maxi.ca/natural-spring-water/p/21185641_EA", "Sub Category": null, "English Name": "Natural Spring Water", "Size": "4 l", "Size Label": "ea"}, {"Category": "Water", "Aisle": "Drinks", "Sku": "20312861001_EA", "Regular Price": "None", "Sale Price": "9.99", "Image": "https://assets.shop.loblaws.ca/products/20312861001/b1/en/front/20312861001_front_a01_@2.png", "Brand": "Maxwell House", "Url": "https://www.maxi.ca/original-roast-ground-coffee/p/20312861001_EA", "Sub Category": null, "English Name": "Original Roast Ground Coffee", "Size": "925 g", "Size Label": "ea"}, {"Category": "Water", "Aisle": "Drinks", "Sku": "21097177_C12", "Regular Price": "None", "Sale Price": "6.79", "Image": "https://assets.shop.loblaws.ca/products/21097177/b1/en/front/21097177_front_a01_@2.png", "Brand": "Bubly Sparkling Water", "Url": "https://www.maxi.ca/lime-sparkling-water-beverage-12-pack/p/21097177_C12", "Sub Category": null, "English Name": "Lime Sparkling Water Beverage, 12 Pack ", "Size": "12x355.0 ml", "Size Label": "c12"}, {"Category": "Water", "Aisle": "Drinks", "Sku": "21508926_C12", "Regular Price": "None", "Sale Price": "6.79", "Image": "https://assets.shop.loblaws.ca/products/21508926/b1/en/front/21508926_front_a01_@2.png", "Brand": "Bubly Sparkling Water", "Url": "https://www.maxi.ca/raspberry/p/21508926_C12", "Sub Category": null, "English Name": "Raspberry", "Size": "12x355.0 ml", "Size Label": "c12"}, {"Category": "Water", "Aisle": "Drinks", "Sku": "20668034001_C01", "Regular Price": "None", "Sale Price": "4.99", "Image": "https://assets.shop.loblaws.ca/products/20668034001/b1/en/front/20668034001_front_a01_@2.png", "Brand": "PC Blue Menu", "Url": "https://www.maxi.ca/lemon-sparkling-water-12-pack/p/20668034001_C01", "Sub Category": null, "English Name": "Lemon Sparkling Water, 12-Pack", "Size": "12x355.0 ml", "Size Label": "ea"}, {"Category": "Water", "Aisle": "Drinks", "Sku": "21518575_C01", "Regular Price": "None", "Sale Price": "4.99", "Image": "https://assets.shop.loblaws.ca/products/21518575/b1/en/front/21518575_front_a01_@2.png", "Brand": "PC Blue Menu", "Url": "https://www.maxi.ca/calamansi-citrus-and-strawberry-sparkling-water/p/21518575_C01", "Sub Category": null, "English Name": "Calamansi Citrus and Strawberry Sparkling Water", "Size": "12x355.0 ml", "Size Label": "c01"}, {"Category": "Water", "Aisle": "Drinks", "Sku": "21308076_EA", "Regular Price": "17.99", "Sale Price": "12.99", "Image": "https://assets.shop.loblaws.ca/products/21308076/b1/en/front/21308076_front_a01_@2.png", "Brand": "Maxwell House", "Url": "https://www.maxi.ca/original-roast-coffee-100-compostable-k-cup-coffee/p/21308076_EA", "Sub Category": null, "English Name": "Original Roast Coffee 100% Compostable K Cup Coffee Pods", "Size": "285 g", "Size Label": "ea"}, {"Category": "Water", "Aisle": "Drinks", "Sku": "20668034004_C01", "Regular Price": "None", "Sale Price": "4.99", "Image": "https://assets.shop.loblaws.ca/products/206680340042/b1/en/front/206680340042_front_a01_@2.png", "Brand": "PC Blue Menu", "Url": "https://www.maxi.ca/blueberry-pomegranate-sparkling-water/p/20668034004_C01", "Sub Category": null, "English Name": "Blueberry Pomegranate Sparkling Water ", "Size": "12x355.0 ml", "Size Label": "ea"}, {"Category": "Water", "Aisle": "Drinks", "Sku": "21243603_C12", "Regular Price": "None", "Sale Price": "6.79", "Image": "https://assets.shop.loblaws.ca/products/21243603/b1/en/front/21243603_front_a01_@2.png", "Brand": "Bubly Sparkling Water", "Url": "https://www.maxi.ca/blackberry-sparkling-water/p/21243603_C12", "Sub Category": null, "English Name": "Blackberry Sparkling Water ", "Size": "12x355.0 ml", "Size Label": "pack of 12"}, {"Category": "Water", "Aisle": "Drinks", "Sku": "20668034003_C01", "Regular Price": "None", "Sale Price": "4.99", "Image": "https://assets.shop.loblaws.ca/products/206680340030/b1/en/front/206680340030_front_a01_@2.png", "Brand": "PC Blue Menu", "Url": "https://www.maxi.ca/mandarin-orange-sparkling-water-with-natural-flavo/p/20668034003_C01", "Sub Category": null, "English Name": "Mandarin Orange Sparkling Water With Natural Flavour (Case)", "Size": "12x355.0 ml", "Size Label": "ea"}, {"Category": "Water", "Aisle": "Drinks", "Sku": "20668034005_C01", "Regular Price": "None", "Sale Price": "4.99", "Image": "https://assets.shop.loblaws.ca/products/206680340057/b1/en/front/206680340057_front_a01_@2.png", "Brand": "PC Blue Menu", "Url": "https://www.maxi.ca/pink-grapefruit-sparkling-water/p/20668034005_C01", "Sub Category": null, "English Name": "Pink Grapefruit Sparkling Water ", "Size": "12x355.0 ml", "Size Label": "ea"}, {"Category": "Water", "Aisle": "Drinks", "Sku": "21356954_C12", "Regular Price": "None", "Sale Price": "6.79", "Image": "https://assets.shop.loblaws.ca/products/21356954/b1/en/front/21356954_front_a01_@2.png", "Brand": "Bubly Sparkling Water", "Url": "https://www.maxi.ca/pineapple-sparkling-water/p/21356954_C12", "Sub Category": null, "English Name": "Pineapple Sparkling Water ", "Size": "12x355.0 ml", "Size Label": "pack of 12"}, {"Category": "Water", "Aisle": "Drinks", "Sku": "20885450003_EA", "Regular Price": "None", "Sale Price": "1.29", "Image": "https://assets.shop.loblaws.ca/products/20885450003/b1/en/front/20885450003_front_a01_@2.png", "Brand": "Sparkling Ice", "Url": "https://www.maxi.ca/kiwi-strawberry-sparkling-water/p/20885450003_EA", "Sub Category": null, "English Name": "Kiwi Strawberry Sparkling Water", "Size": "503 ml", "Size Label": "ea"}, {"Category": "Water", "Aisle": "Drinks", "Sku": "21097158_C12", "Regular Price": "None", "Sale Price": "6.79", "Image": "https://assets.shop.loblaws.ca/products/21097158/b1/en/front/21097158_front_a01_@2.png", "Brand": "Bubly Sparkling Water", "Url": "https://www.maxi.ca/grapefruit-bubly/p/21097158_C12", "Sub Category": null, "English Name": "Grapefruit Bubly ", "Size": "12x355.0 ml", "Size Label": "pack of 12"}, {"Category": "Water", "Aisle": "Drinks", "Sku": "20885443_EA", "Regular Price": "None", "Sale Price": "1.29", "Image": "https://assets.shop.loblaws.ca/products/20885443/b1/en/front/20885443_front_a01_@2.png", "Brand": "Sparkling Ice", "Url": "https://www.maxi.ca/orange-mango-sparkling-water/p/20885443_EA", "Sub Category": null, "English Name": "Orange Mango Sparkling Water", "Size": "503 ml", "Size Label": "ea"}, {"Category": "Water", "Aisle": "Drinks", "Sku": "20320832004_EA", "Regular Price": "None", "Sale Price": "1.00", "Image": "https://assets.shop.loblaws.ca/products/20320832004/b1/en/front/20320832004_front_a01_@2.png", "Brand": "PC Blue Menu", "Url": "https://www.maxi.ca/lime-sparkling-water/p/20320832004_EA", "Sub Category": null, "English Name": "Lime Sparkling Water", "Size": "1 l", "Size Label": "ea"}, {"Category": "Water", "Aisle": "Drinks", "Sku": "21194356_C01", "Regular Price": "None", "Sale Price": "4.99", "Image": "https://assets.shop.loblaws.ca/products/21194356/b1/en/front/21194356_front_a01_@2.png", "Brand": "PC Blue Menu", "Url": "https://www.maxi.ca/sparkling-water-case/p/21194356_C01", "Sub Category": null, "English Name": "Sparkling Water (Case)", "Size": "12x355.0 ml", "Size Label": "c01"}, {"Category": "Water", "Aisle": "Drinks", "Sku": "20941016_EA", "Regular Price": "None", "Sale Price": "1.29", "Image": "https://assets.shop.loblaws.ca/products/20941016/b1/en/front/20941016_front_a01_@2.png", "Brand": "Sparkling Ice", "Url": "https://www.maxi.ca/cherry-limeade-sparkling-water/p/20941016_EA", "Sub Category": null, "English Name": "Cherry Limeade Sparkling Water", "Size": "503 ml", "Size Label": "ea"}, {"Category": "Water", "Aisle": "Drinks", "Sku": "20941051_EA", "Regular Price": "None", "Sale Price": "1.29", "Image": "https://assets.shop.loblaws.ca/products/20941051/b1/en/front/20941051_front_a01_@2.png", "Brand": "Sparkling Ice", "Url": "https://www.maxi.ca/coconut-pineapple-sparkling-water/p/20941051_EA", "Sub Category": null, "English Name": "Coconut Pineapple Sparkling Water", "Size": "503 ml", "Size Label": "ea"}, {"Category": "Water", "Aisle": "Drinks", "Sku": "20320832003_EA", "Regular Price": "None", "Sale Price": "1.00", "Image": "https://assets.shop.loblaws.ca/products/20320832003/b1/en/front/20320832003_front_a01_@2.png", "Brand": "PC Blue Menu", "Url": "https://www.maxi.ca/lemon-sparkling-water/p/20320832003_EA", "Sub Category": null, "English Name": "Lemon Sparkling Water", "Size": "1 l", "Size Label": "ea"}, {"Category": "Water", "Aisle": "Drinks", "Sku": "21371170_EA", "Regular Price": "None", "Sale Price": "1.00", "Image": "https://assets.shop.loblaws.ca/products/21371170/b1/en/front/21371170_front_a01_@2.png", "Brand": "PC Blue Menu", "Url": "https://www.maxi.ca/peach-mango-sparkling-flavoured-water/p/21371170_EA", "Sub Category": null, "English Name": "Peach Mango Sparkling Flavoured Water", "Size": "1 l", "Size Label": "ea"}, {"Category": "Water", "Aisle": "Drinks", "Sku": "20076312_EA", "Regular Price": "None", "Sale Price": "0.99", "Image": "https://assets.shop.loblaws.ca/products/20076312/b1/en/front/20076312_front_a01_@2.png", "Brand": "President's Choice", "Url": "https://www.maxi.ca/natural-spring-water/p/20076312_EA", "Sub Category": null, "English Name": "Natural Spring Water", "Size": "1.5 l", "Size Label": "ea"}, {"Category": "Water", "Aisle": "Drinks", "Sku": "21194368_C01", "Regular Price": "None", "Sale Price": "4.99", "Image": "https://assets.shop.loblaws.ca/products/21194368/b1/en/front/21194368_front_a01_@2.png", "Brand": "PC Blue Menu", "Url": "https://www.maxi.ca/watermelon-sparkling-water/p/21194368_C01", "Sub Category": null, "English Name": "Watermelon Sparkling Water", "Size": "12x355.0 ml", "Size Label": "c01"}, {"Category": "Water", "Aisle": "Drinks", "Sku": "21459527_C12", "Regular Price": "None", "Sale Price": "6.79", "Image": "https://assets.shop.loblaws.ca/products/21459527/b1/en/front/21459527_front_a01_@2.png", "Brand": "Bubly Sparkling Water", "Url": "https://www.maxi.ca/limited-edition-watermelon/p/21459527_C12", "Sub Category": null, "English Name": "Limited Edition Watermelon", "Size": "12x355.0 ml", "Size Label": "c12"}, {"Category": "Water", "Aisle": "Drinks", "Sku": "21306051_C01", "Regular Price": "None", "Sale Price": "4.99", "Image": "https://assets.shop.loblaws.ca/products/21306051/b1/en/front/21306051_front_a01_@2.png", "Brand": "President's Choice", "Url": "https://www.maxi.ca/ginger-ale-flavour-sparkling-water/p/21306051_C01", "Sub Category": null, "English Name": "Ginger Ale Flavour Sparkling Water", "Size": "12x355.0 ml", "Size Label": "c01"}, {"Category": "Water", "Aisle": "Drinks", "Sku": "21240762_C12", "Regular Price": "None", "Sale Price": "5.49", "Image": "https://assets.shop.loblaws.ca/products/21240762/b1/en/front/21240762_front_a01_@2.png", "Brand": "AHA", "Url": "https://www.maxi.ca/blueberry-pomegranate/p/21240762_C12", "Sub Category": null, "English Name": "Blueberry Pomegranate ", "Size": "12x355.0 ml", "Size Label": "pack of 12"}, {"Category": "Water", "Aisle": "Drinks", "Sku": "20662284_EA", "Regular Price": "None", "Sale Price": "1.00", "Image": "https://assets.shop.loblaws.ca/products/20662284/b1/en/front/20662284_front_a01_@2.png", "Brand": "Montellier", "Url": "https://www.maxi.ca/carbonated-natural-spring-water/p/20662284_EA", "Sub Category": null, "English Name": "Carbonated Natural Spring Water", "Size": "1 l", "Size Label": "ea"}, {"Category": "Water", "Aisle": "Drinks", "Sku": "20320832002_EA", "Regular Price": "None", "Sale Price": "1.00", "Image": "https://assets.shop.loblaws.ca/products/20320832002/b1/en/front/20320832002_front_a01_@2.png", "Brand": "PC Blue Menu", "Url": "https://www.maxi.ca/natural-sparkling-water/p/20320832002_EA", "Sub Category": null, "English Name": "Natural Sparkling Water ", "Size": "1 l", "Size Label": "ea"}, {"Category": "Water", "Aisle": "Drinks", "Sku": "21240794_C12", "Regular Price": "None", "Sale Price": "5.49", "Image": "https://assets.shop.loblaws.ca/products/21240794/b1/en/front/21240794_front_a01_@2.png", "Brand": "AHA", "Url": "https://www.maxi.ca/lime-watermelon/p/21240794_C12", "Sub Category": null, "English Name": "Lime Watermelon", "Size": "12x355.0 ml", "Size Label": "pack of 12"}, {"Category": "Water", "Aisle": "Drinks", "Sku": "21534242_C12", "Regular Price": "None", "Sale Price": "3.49", "Image": "https://assets.shop.loblaws.ca/products/21534242/b1/en/front/21534242_front_a01_@2.png", "Brand": "Adrien Gagnon", "Url": "https://www.maxi.ca/natural-spring-water-12-pack/p/21534242_C12", "Sub Category": null, "English Name": "Natural Spring Water, 12 Pack", "Size": "12x500.0 ml", "Size Label": "c12"}, {"Category": "Water", "Aisle": "Drinks", "Sku": "20093547_EA", "Regular Price": "None", "Sale Price": "1.00", "Image": "https://assets.shop.loblaws.ca/products/20093547/b1/en/front/20093547_front_a01_@2.png", "Brand": "Naya", "Url": "https://www.maxi.ca/natural-spring-water/p/20093547_EA", "Sub Category": null, "English Name": "Natural Spring Water    ", "Size": "1.5 l", "Size Label": "ea"}, {"Category": "Water", "Aisle": "Drinks", "Sku": "21444996_EA", "Regular Price": "None", "Sale Price": "3.49", "Image": "https://assets.shop.loblaws.ca/products/21444996/b1/en/front/21444996_front_a01_@2.png", "Brand": "Naya", "Url": "https://www.maxi.ca/natural-spring-water/p/21444996_EA", "Sub Category": null, "English Name": "Natural Spring Water", "Size": "8 l", "Size Label": "ea"}, {"Category": "Water", "Aisle": "Drinks", "Sku": "21518579_C01", "Regular Price": "None", "Sale Price": "4.99", "Image": "https://assets.shop.loblaws.ca/products/21518579/b1/en/front/21518579_front_a01_@2.png", "Brand": "President's Choice", "Url": "https://www.maxi.ca/cranberry-ginger-ale-flavour-sparkling-water/p/21518579_C01", "Sub Category": null, "English Name": "Cranberry Ginger Ale Flavour Sparkling Water", "Size": "12x355.0 ml", "Size Label": "c01"}, {"Category": "Water", "Aisle": "Drinks", "Sku": "20333194003_EA", "Regular Price": "None", "Sale Price": "2.69", "Image": "https://assets.shop.loblaws.ca/products/20333194003/b1/en/front/20333194003_front_a01_@2.png", "Brand": "Glaceau", "Url": "https://www.maxi.ca/focus-nutrient-enhanced-water-bottle/p/20333194003_EA", "Sub Category": null, "English Name": "Focus Nutrient Enhanced Water, Bottle", "Size": "591 ml", "Size Label": "ea"}, {"Category": "Water", "Aisle": "Drinks", "Sku": "21301290_C08", "Regular Price": "None", "Sale Price": "6.49", "Image": "https://assets.shop.loblaws.ca/products/21301290/b1/en/front/21301290_front_a01_@2.png", "Brand": "Lacroix", "Url": "https://www.maxi.ca/grapefruit-water/p/21301290_C08", "Sub Category": null, "English Name": "Grapefruit Water", "Size": "8x355.0 ml", "Size Label": "pack of 8"}, {"Category": "Water", "Aisle": "Drinks", "Sku": "20753513_C01", "Regular Price": "4.79", "Sale Price": "2.99", "Image": "https://assets.shop.loblaws.ca/products/20753513/b1/en/front/20753513_front_a01_@2.png", "Brand": "Eska", "Url": "https://www.maxi.ca/natural-spring-water/p/20753513_C01", "Sub Category": null, "English Name": "Natural Spring Water", "Size": "20x500.0 ml", "Size Label": "ea"}, {"Category": "Water", "Aisle": "Drinks", "Sku": "21306049_C01", "Regular Price": "None", "Sale Price": "4.99", "Image": "https://assets.shop.loblaws.ca/products/21306049/b1/en/front/21306049_front_a01_@2.png", "Brand": "President's Choice", "Url": "https://www.maxi.ca/vanilla-cherry-soda-flavour-sparkling-water/p/21306049_C01", "Sub Category": null, "English Name": "Vanilla Cherry Soda Flavour Sparkling Water", "Size": "12x355.0 ml", "Size Label": "c01"}, {"Category": "Water", "Aisle": "Drinks", "Sku": "20154181_EA", "Regular Price": "None", "Sale Price": "3.29", "Image": "https://assets.shop.loblaws.ca/products/20154181/b1/en/front/20154181_front_a01_@2.png", "Brand": "Glaceau", "Url": "https://www.maxi.ca/water-bottle/p/20154181_EA", "Sub Category": null, "English Name": "Water, Bottle", "Size": "1 l", "Size Label": "ea"}, {"Category": "Water", "Aisle": "Drinks", "Sku": "21434315_EA", "Regular Price": "None", "Sale Price": "1.49", "Image": "https://assets.shop.loblaws.ca/products/21434315/b1/en/front/21434315_front_a01_@2.png", "Brand": "President's Choice", "Url": "https://www.maxi.ca/lime-carbonated-natural-spring-water/p/21434315_EA", "Sub Category": null, "English Name": "Lime Carbonated Natural Spring Water", "Size": "1 l", "Size Label": "ea"}, {"Category": "Water", "Aisle": "Drinks", "Sku": "21367830_C06", "Regular Price": "None", "Sale Price": "5.49", "Image": "https://assets.shop.loblaws.ca/products/21367830/b1/en/front/21367830_front_a01_@2.png", "Brand": "Propel", "Url": "https://www.maxi.ca/kiwi-strawberry-enhanced-water-with-gatorade-elect/p/21367830_C06", "Sub Category": null, "English Name": "Kiwi Strawberry Enhanced Water with Gatorade Electrolytes, 6 Pack", "Size": "6x500.0 ml", "Size Label": "c06"}, {"Category": "Water", "Aisle": "Drinks", "Sku": "21300994_C08", "Regular Price": "None", "Sale Price": "6.49", "Image": "https://assets.shop.loblaws.ca/products/21300994/b1/en/front/21300994_front_a01_@2.png", "Brand": "Lacroix", "Url": "https://www.maxi.ca/cranberry-raspberry/p/21300994_C08", "Sub Category": null, "English Name": "Cranberry Raspberry     ", "Size": "8x355.0 ml", "Size Label": "c08"}, {"Category": "Water", "Aisle": "Drinks", "Sku": "21301483_C08", "Regular Price": "None", "Sale Price": "6.49", "Image": "https://assets.shop.loblaws.ca/products/21301483/b1/en/front/21301483_front_a01_@2.png", "Brand": "Lacroix", "Url": "https://www.maxi.ca/lime-water/p/21301483_C08", "Sub Category": null, "English Name": "Lime Water", "Size": "355 ml", "Size Label": "c08"}, {"Category": "Water", "Aisle": "Drinks", "Sku": "20333194004_EA", "Regular Price": "None", "Sale Price": "2.69", "Image": "https://assets.shop.loblaws.ca/products/20333194004/b1/en/front/20333194004_front_a01_@2.png", "Brand": "Glaceau", "Url": "https://www.maxi.ca/multi-v-nutrient-enhanced-water-bottle/p/20333194004_EA", "Sub Category": null, "English Name": "Multi-V Nutrient Enhanced Water, Bottle", "Size": "591 ml", "Size Label": "ea"}, {"Category": "Water", "Aisle": "Drinks", "Sku": "21156390_C08", "Regular Price": "None", "Sale Price": "10.49", "Image": "https://assets.shop.loblaws.ca/products/21156390/b1/en/front/21156390_front_a01_@2.png", "Brand": "San Pellegrino", "Url": "https://www.maxi.ca/original-sparkling-natural-mineral-water/p/21156390_C08", "Sub Category": null, "English Name": "Original Sparkling Natural Mineral Water", "Size": "8x330.0 ml", "Size Label": "pack of 8"}, {"Category": "Water", "Aisle": "Drinks", "Sku": "20333194006_EA", "Regular Price": "None", "Sale Price": "2.69", "Image": "https://assets.shop.loblaws.ca/products/20333194006/b1/en/front/20333194006_front_a01_@2.png", "Brand": "Glaceau", "Url": "https://www.maxi.ca/acai-blueberry-pomegranate-nutrient-enhanced-water/p/20333194006_EA", "Sub Category": null, "English Name": "Acai-Blueberry-Pomegranate Nutrient Enhanced Water, Bottle", "Size": "591 ml", "Size Label": "ea"}, {"Category": "Water", "Aisle": "Drinks", "Sku": "20122584_C28", "Regular Price": "5.49", "Sale Price": "2.99", "Image": "https://assets.shop.loblaws.ca/products/20122584/b1/en/front/20122584_front_a01_@2.png", "Brand": "Naya", "Url": "https://www.maxi.ca/natural-spring-water/p/20122584_C28", "Sub Category": null, "English Name": "Natural Spring Water", "Size": "28x500.0 ml", "Size Label": "pack of 28"}, {"Category": "Water", "Aisle": "Drinks", "Sku": "21371175_EA", "Regular Price": "None", "Sale Price": "1.00", "Image": "https://assets.shop.loblaws.ca/products/21371175/b1/en/front/21371175_front_a01_@2.png", "Brand": "PC Blue Menu", "Url": "https://www.maxi.ca/pineapple-coconut-sparkling-water/p/21371175_EA", "Sub Category": null, "English Name": "Pineapple Coconut Sparkling Water", "Size": "1 l", "Size Label": "ea"}, {"Category": "Water", "Aisle": "Drinks", "Sku": "20122584_C28", "Regular Price": "5.49", "Sale Price": "2.99", "Image": "https://assets.shop.loblaws.ca/products/20122584/b1/en/front/20122584_front_a01_@2.png", "Brand": "Naya", "Url": "https://www.maxi.ca/natural-spring-water/p/20122584_C28", "Sub Category": null, "English Name": "Natural Spring Water", "Size": "28x500.0 ml", "Size Label": "pack of 28"}, {"Category": "Water", "Aisle": "Drinks", "Sku": "21520451_EA", "Regular Price": "None", "Sale Price": "3.29", "Image": "https://assets.shop.loblaws.ca/products/21520451/b1/en/front/21520451_front_a01_@2.png", "Brand": "Glaceau", "Url": "https://www.maxi.ca/alkaline-with-antioxidant/p/21520451_EA", "Sub Category": null, "English Name": "Alkaline with Antioxidant", "Size": "1 l", "Size Label": "ea"}, {"Category": "Water", "Aisle": "Drinks", "Sku": "20307836001_EA", "Regular Price": "None", "Sale Price": "1.00", "Image": "https://assets.shop.loblaws.ca/products/20307836001/b1/en/front/20307836001_front_a01_@2.png", "Brand": "Nestl\u00e9", "Url": "https://www.maxi.ca/purelife-sparkling-carbonated-spring-water/p/20307836001_EA", "Sub Category": null, "English Name": "Purelife Sparkling Carbonated Spring Water", "Size": "1 l", "Size Label": "ea"}, {"Category": "Water", "Aisle": "Drinks", "Sku": "21435998_EA", "Regular Price": "None", "Sale Price": "2.99", "Image": "https://assets.shop.loblaws.ca/products/21435998/b1/en/front/21435998_front_a01_@2.png", "Brand": "Silk", "Url": "https://www.maxi.ca/fortified-oat-beverage-original/p/21435998_EA", "Sub Category": null, "English Name": "Fortified Oat Beverage Original", "Size": "946 ml", "Size Label": "ea"}, {"Category": "Water", "Aisle": "Drinks", "Sku": "21361952_C32", "Regular Price": "None", "Sale Price": "4.79", "Image": "https://assets.shop.loblaws.ca/products/21361952/b1/en/front/21361952_front_a01_@2.png", "Brand": "Ice River Springs", "Url": "https://www.maxi.ca/green-bottle-water/p/21361952_C32", "Sub Category": null, "English Name": "Green Bottle Water", "Size": "32x500.0 ml", "Size Label": "ea"}, {"Category": "Water", "Aisle": "Drinks", "Sku": "20958264_EA", "Regular Price": "None", "Sale Price": "1.00", "Image": "https://assets.shop.loblaws.ca/products/20958264/b1/en/front/20958264_front_a01_@2.png", "Brand": "Montellier", "Url": "https://www.maxi.ca/carbonated-water-lemon/p/20958264_EA", "Sub Category": null, "English Name": "Carbonated Water Lemon    ", "Size": "1 l", "Size Label": "ea"}, {"Category": "Water", "Aisle": "Drinks", "Sku": "20159147_EA", "Regular Price": "None", "Sale Price": "2.69", "Image": "https://assets.shop.loblaws.ca/products/20159147/b1/en/front/20159147_front_a01_@2.png", "Brand": "Evian", "Url": "https://www.maxi.ca/natural-spring-water/p/20159147_EA", "Sub Category": null, "English Name": "Natural Spring Water", "Size": "1 l", "Size Label": "ea"}, {"Category": "Water", "Aisle": "Drinks", "Sku": "20302785005_EA", "Regular Price": "None", "Sale Price": "2.69", "Image": "https://assets.shop.loblaws.ca/products/20302785005/b1/en/front/20302785005_front_a01_@2.png", "Brand": "AQUAFINA", "Url": "https://www.maxi.ca/water/p/20302785005_EA", "Sub Category": null, "English Name": "Water    ", "Size": "591 ml", "Size Label": "ea"}, {"Category": "Water", "Aisle": "Drinks", "Sku": "21433206_C06", "Regular Price": "None", "Sale Price": "7.79", "Image": "https://assets.shop.loblaws.ca/products/21433206/b1/en/front/21433206_front_a01_@2.png", "Brand": "San Pellegrino", "Url": "https://www.maxi.ca/naturali-aranciata-rossa-sparkling-orange-blood-or/p/21433206_C06", "Sub Category": null, "English Name": "Naturali Aranciata Rossa Sparkling Orange & Blood Orange Beverage", "Size": "6x330.0 ml", "Size Label": "c06"}, {"Category": "Water", "Aisle": "Drinks", "Sku": "21523786_EA", "Regular Price": "None", "Sale Price": "1.00", "Image": "https://assets.shop.loblaws.ca/products/21523786/b1/en/front/21523786_front_a01_@2.png", "Brand": "Montellier", "Url": "https://www.maxi.ca/montellier-clementine/p/21523786_EA", "Sub Category": null, "English Name": "Montellier Clementine", "Size": "1 l", "Size Label": "ea"}, {"Category": "Water", "Aisle": "Drinks", "Sku": "20307836003_EA", "Regular Price": "None", "Sale Price": "1.00", "Image": "https://assets.shop.loblaws.ca/products/20307836003/b1/en/front/20307836003_front_a01_@2.png", "Brand": "Nestl\u00e9", "Url": "https://www.maxi.ca/purelife-sparkling-water-lime-flavour/p/20307836003_EA", "Sub Category": null, "English Name": "Purelife Sparkling Water Lime Flavour ", "Size": "1 l", "Size Label": "ea"}, {"Category": "Water", "Aisle": "Drinks", "Sku": "20332922_EA", "Regular Price": "None", "Sale Price": "5.79", "Image": "https://assets.shop.loblaws.ca/products/20332922/b1/en/front/20332922_front_a01_@2.png", "Brand": "Vita Coco", "Url": "https://www.maxi.ca/100-pure-coconut-water/p/20332922_EA", "Sub Category": null, "English Name": "100% Pure Coconut Water", "Size": "1 l", "Size Label": "ea"}, {"Category": "Water", "Aisle": "Drinks", "Sku": "20189429_EA", "Regular Price": "None", "Sale Price": "5.49", "Image": "https://assets.shop.loblaws.ca/products/20189429/b1/en/front/20189429_front_a01_@2.png", "Brand": null, "Url": "https://www.maxi.ca/naturo-spring-water-naturelle/p/20189429_EA", "Sub Category": null, "English Name": "Naturo Spring Water Naturelle", "Size": "18 l", "Size Label": "ea"}, {"Category": "Water", "Aisle": "Drinks", "Sku": "21096722_C10", "Regular Price": "None", "Sale Price": "6.99", "Image": "https://assets.shop.loblaws.ca/products/21096722/b1/en/front/21096722_front_a01_@2.png", "Brand": "Montellier", "Url": "https://www.maxi.ca/carbonated-natural-spring-water-10-pack/p/21096722_C10", "Sub Category": null, "English Name": "Carbonated Natural Spring Water, 10 Pack", "Size": "10x355.0 ml", "Size Label": "pack of 10"}, {"Category": "Water", "Aisle": "Drinks", "Sku": "21001293_C30", "Regular Price": "None", "Sale Price": "5.79", "Image": "https://assets.shop.loblaws.ca/products/21001293/b1/en/front/21001293_front_a01_@2.png", "Brand": "Naya", "Url": "https://www.maxi.ca/natural-spring-water-case/p/21001293_C30", "Sub Category": null, "English Name": "Natural Spring Water (Case)", "Size": "30x500.0 ml", "Size Label": "c30"}, {"Category": "Water", "Aisle": "Drinks", "Sku": "21435674_C12", "Regular Price": "None", "Sale Price": "5.49", "Image": "https://assets.shop.loblaws.ca/products/21435674/b1/en/front/21435674_front_a01_@2.png", "Brand": "AHA", "Url": "https://www.maxi.ca/raspberry-acai-sparkling-water/p/21435674_C12", "Sub Category": null, "English Name": "Raspberry Acai Sparkling Water", "Size": "12x355.0 ml", "Size Label": "c12"}, {"Category": "Water", "Aisle": "Drinks", "Sku": "20664568_C06", "Regular Price": "None", "Sale Price": "8.49", "Image": "https://assets.shop.loblaws.ca/products/20664568/b1/en/front/20664568_front_a01_@2.png", "Brand": "San Pellegrino", "Url": "https://www.maxi.ca/carbonated-natural-mineral-water/p/20664568_C06", "Sub Category": null, "English Name": "Carbonated Natural Mineral Water ", "Size": "6x500.0 ml", "Size Label": "pack of 6"}, {"Category": "Water", "Aisle": "Drinks", "Sku": "21014414_EA", "Regular Price": "None", "Sale Price": "2.49", "Image": "https://assets.shop.loblaws.ca/products/21014414/b1/en/front/21014414_front_a01_@2.png", "Brand": "Thirsty Buddha", "Url": "https://www.maxi.ca/sparkling-coconut-water-watermelon/p/21014414_EA", "Sub Category": null, "English Name": "Sparkling Coconut Water, Watermelon", "Size": "330 ml", "Size Label": "ea"}, {"Category": "Water", "Aisle": "Drinks", "Sku": "21245083_EA", "Regular Price": "None", "Sale Price": "1.99", "Image": "https://assets.shop.loblaws.ca/products/21245083/b1/en/front/21245083_front_a01_@2.png", "Brand": "Bubly Sparkling Water", "Url": "https://www.maxi.ca/sparkling-water-limebubly/p/21245083_EA", "Sub Category": null, "English Name": "Sparkling Water Limebubly", "Size": "473 ml", "Size Label": "ea"}, {"Category": "Water", "Aisle": "Drinks", "Sku": "21509056_C08", "Regular Price": "None", "Sale Price": "8.99", "Image": "https://assets.shop.loblaws.ca/products/21509056/b1/en/front/21509056_front_a01_@2.png", "Brand": "Perrier", "Url": "https://www.maxi.ca/peach-carbonated-natural-spring-water-with-natural/p/21509056_C08", "Sub Category": null, "English Name": "Peach Carbonated Natural Spring Water with Natural Flavour, No Calories, No Sweeteners, No Sodium, Can", "Size": "8x330.0 ml", "Size Label": "c08"}, {"Category": "Water", "Aisle": "Drinks", "Sku": "21515619_C08", "Regular Price": "None", "Sale Price": "8.99", "Image": "https://assets.shop.loblaws.ca/products/21515619/b1/en/front/21515619_front_a01_@2.png", "Brand": "Perrier", "Url": "https://www.maxi.ca/pink-grapefruit-carbonated-natural-spring-water-wi/p/21515619_C08", "Sub Category": null, "English Name": "Pink Grapefruit Carbonated Natural Spring Water with Natural Flavour, No Calories, No Sweeteners, No Sodium, Can", "Size": "8x330.0 ml", "Size Label": "c08"}, {"Category": "Water", "Aisle": "Drinks", "Sku": "21416312_EA", "Regular Price": "None", "Sale Price": "2.79", "Image": "https://assets.shop.loblaws.ca/products/21416312/b1/en/front/21416312_front_a01_@2.png", "Brand": "Natura", "Url": "https://www.maxi.ca/unsweetened-vanilla-organic-fortified-gluten-free/p/21416312_EA", "Sub Category": null, "English Name": "Unsweetened Vanilla Organic Fortified Gluten-Free Oat Beverage", "Size": "946 ml", "Size Label": "ea"}, {"Category": "Water", "Aisle": "Drinks", "Sku": "21416317_EA", "Regular Price": "None", "Sale Price": "2.79", "Image": "https://assets.shop.loblaws.ca/products/21416317/b1/en/front/21416317_front_a01_@2.png", "Brand": "Natura", "Url": "https://www.maxi.ca/chocolate-organic-fortified-gluten-free-oat-bevera/p/21416317_EA", "Sub Category": null, "English Name": "Chocolate  Organic Fortified Gluten-Free Oat Beverage", "Size": "946 ml", "Size Label": "ea"}, {"Category": "Water", "Aisle": "Drinks", "Sku": "21012447_EA", "Regular Price": "None", "Sale Price": "2.49", "Image": "https://assets.shop.loblaws.ca/products/21012447/b1/en/front/21012447_front_a01_@2.png", "Brand": "Perrier", "Url": "https://www.maxi.ca/sparkling-water-lemon-1l/p/21012447_EA", "Sub Category": null, "English Name": "Sparkling Water, Lemon, 1L", "Size": "1 l", "Size Label": "ea"}, {"Category": "Water", "Aisle": "Drinks", "Sku": "21434316_EA", "Regular Price": "None", "Sale Price": "1.49", "Image": "https://assets.shop.loblaws.ca/products/21434316/b1/en/front/21434316_front_a01_@2.png", "Brand": "President's Choice", "Url": "https://www.maxi.ca/lemon-carbonated-natural-spring-water/p/21434316_EA", "Sub Category": null, "English Name": "Lemon Carbonated Natural Spring Water", "Size": "1 l", "Size Label": "ea"}, {"Category": "Water", "Aisle": "Drinks", "Sku": "21509015_C08", "Regular Price": "None", "Sale Price": "8.99", "Image": "https://assets.shop.loblaws.ca/products/21509015/b1/en/front/21509015_front_a01_@2.png", "Brand": "Perrier", "Url": "https://www.maxi.ca/ginger-lime-carbonated-natural-spring-water-with-n/p/21509015_C08", "Sub Category": null, "English Name": "Ginger Lime Carbonated Natural Spring Water with Natural Flavour, No Calories, No Sweeteners, No Sodium, Can", "Size": "8x330.0 ml", "Size Label": "c08"}, {"Category": "Water", "Aisle": "Drinks", "Sku": "21432282_EA", "Regular Price": "None", "Sale Price": "2.69", "Image": "https://assets.shop.loblaws.ca/products/21432282/b1/en/front/21432282_front_a01_@2.png", "Brand": "Eska", "Url": "https://www.maxi.ca/demineralized-water/p/21432282_EA", "Sub Category": null, "English Name": "Demineralized Water", "Size": "4 l", "Size Label": "ea"}, {"Category": "Water", "Aisle": "Drinks", "Sku": "20190005001_C24", "Regular Price": "None", "Sale Price": "28.99", "Image": "https://assets.shop.loblaws.ca/products/20190005001/b1/en/front/20190005001_front_a01_@2.png", "Brand": "Perrier", "Url": "https://www.maxi.ca/carbonated-natural-spring-water/p/20190005001_C24", "Sub Category": null, "English Name": "Carbonated Natural Spring Water ", "Size": "24x500.0 ml", "Size Label": "pack of 24"}, {"Category": "Water", "Aisle": "Drinks", "Sku": "21242819_EA", "Regular Price": "None", "Sale Price": "1.00", "Image": "https://assets.shop.loblaws.ca/products/21242819/b1/en/front/21242819_front_a01_@2.png", "Brand": "Montellier", "Url": "https://www.maxi.ca/grapefruit-sparkling-water/p/21242819_EA", "Sub Category": null, "English Name": "Grapefruit Sparkling Water", "Size": "1 l", "Size Label": "ea"}, {"Category": "Water", "Aisle": "Drinks", "Sku": "21367827_C06", "Regular Price": "None", "Sale Price": "5.49", "Image": "https://assets.shop.loblaws.ca/products/21367827/b1/en/front/21367827_front_a01_@2.png", "Brand": "Propel", "Url": "https://www.maxi.ca/grape-enhanced-water-with-gatorade-electrolytes-6/p/21367827_C06", "Sub Category": null, "English Name": "Grape Enhanced Water with Gatorade Electrolytes, 6 Pack", "Size": "6x500.0 ml", "Size Label": "c06"}, {"Category": "Water", "Aisle": "Drinks", "Sku": "21093711_EA", "Regular Price": "None", "Sale Price": "1.00", "Image": "https://assets.shop.loblaws.ca/products/21093711/b1/en/front/21093711_front_a01_@2.png", "Brand": "Nestl\u00e9", "Url": "https://www.maxi.ca/carbonated-water-triple-berry/p/21093711_EA", "Sub Category": null, "English Name": "Carbonated Water, Triple Berry", "Size": "1 l", "Size Label": "ea"}, {"Category": "Water", "Aisle": "Drinks", "Sku": "21096709_C10", "Regular Price": "None", "Sale Price": "6.99", "Image": "https://assets.shop.loblaws.ca/products/21096709/b1/en/front/21096709_front_a01_@2.png", "Brand": "Montellier", "Url": "https://www.maxi.ca/carbonated-water-lemon/p/21096709_C10", "Sub Category": null, "English Name": "Carbonated Water, Lemon ", "Size": "10x355.0 ml", "Size Label": "pack of 10"}, {"Category": "Water", "Aisle": "Drinks", "Sku": "21092373_EA", "Regular Price": "None", "Sale Price": "5.00", "Image": "https://assets.shop.loblaws.ca/products/21092373/b1/en/front/21092373_front_a01_@2.png", "Brand": "PC Organics", "Url": "https://www.maxi.ca/organic-100-coconut-water/p/21092373_EA", "Sub Category": null, "English Name": "Organic 100% Coconut Water", "Size": "1 l", "Size Label": "ea"}, {"Category": "Water", "Aisle": "Drinks", "Sku": "21279927_EA", "Regular Price": "None", "Sale Price": "2.69", "Image": "https://assets.shop.loblaws.ca/products/21279927/b1/en/front/21279927_front_a01_@2.png", "Brand": "Glaceau", "Url": "https://www.maxi.ca/water-nutrient-enhanced-beverage-blueberry-strawbe/p/21279927_EA", "Sub Category": null, "English Name": "Water, Nutrient Enhanced  Beverage, Blueberry Strawberry", "Size": "591 ml", "Size Label": "ea"}, {"Category": "Water", "Aisle": "Drinks", "Sku": "21096704_C10", "Regular Price": "None", "Sale Price": "6.99", "Image": "https://assets.shop.loblaws.ca/products/21096704/b1/en/front/21096704_front_a01_@2.png", "Brand": "Montellier", "Url": "https://www.maxi.ca/carbonated-water-lime/p/21096704_C10", "Sub Category": null, "English Name": "Carbonated Water, Lime ", "Size": "10x355.0 ml", "Size Label": "pack of 10"}, {"Category": "Water", "Aisle": "Drinks", "Sku": "20307836002_EA", "Regular Price": "None", "Sale Price": "1.00", "Image": "https://assets.shop.loblaws.ca/products/20307836002/b1/en/front/20307836002_front_a01_@2.png", "Brand": "Nestl\u00e9", "Url": "https://www.maxi.ca/purelife-sparkling-water-lemon-flavour/p/20307836002_EA", "Sub Category": null, "English Name": "Purelife Sparkling Water Lemon Flavour", "Size": "1 l", "Size Label": "ea"}, {"Category": "Water", "Aisle": "Drinks", "Sku": "21392631_C08", "Regular Price": "None", "Sale Price": "6.49", "Image": "https://assets.shop.loblaws.ca/products/21392631/b1/en/front/21392631_front_a01_@2.png", "Brand": "Lacroix", "Url": "https://www.maxi.ca/sparkling-water-beverage-naturally-limoncello-esse/p/21392631_C08", "Sub Category": null, "English Name": "Sparkling Water Beverage Naturally Limoncello Essenced", "Size": "8x355.0 ml", "Size Label": "c08"}, {"Category": "Water", "Aisle": "Drinks", "Sku": "20700059_C04", "Regular Price": "None", "Sale Price": "4.99", "Image": "https://assets.shop.loblaws.ca/products/20700059/b1/en/front/20700059_front_a01_@2.png", "Brand": "Perrier", "Url": "https://www.maxi.ca/carbonated-natural-spring-water/p/20700059_C04", "Sub Category": null, "English Name": "Carbonated Natural Spring Water ", "Size": "4x330.0 ml", "Size Label": "pack of 4"}, {"Category": "Water", "Aisle": "Drinks", "Sku": "21509060_C08", "Regular Price": "None", "Sale Price": "8.99", "Image": "https://assets.shop.loblaws.ca/products/21509060/b1/en/front/21509060_front_a01_@2.png", "Brand": "Perrier", "Url": "https://www.maxi.ca/original-carbonated-natural-spring-water-no-calori/p/21509060_C08", "Sub Category": null, "English Name": "Original Carbonated Natural Spring Water, No Calories, No Sweeteners, No Sodium, Can", "Size": "8x330.0 ml", "Size Label": "c08"}, {"Category": "Water", "Aisle": "Drinks", "Sku": "21516710_C08", "Regular Price": "None", "Sale Price": "8.99", "Image": "https://assets.shop.loblaws.ca/products/21516710/b1/en/front/21516710_front_a01_@2.png", "Brand": "Perrier", "Url": "https://www.maxi.ca/lime-carbonated-natural-spring-water-with-natural/p/21516710_C08", "Sub Category": null, "English Name": "Lime Carbonated Natural Spring Water with Natural Flavour, No Calories, No Sweeteners, No Sodium, Can", "Size": "8x330.0 ml", "Size Label": "c08"}, {"Category": "Water", "Aisle": "Drinks", "Sku": "21014419_EA", "Regular Price": "None", "Sale Price": "2.49", "Image": "https://assets.shop.loblaws.ca/products/21014419/b1/en/front/21014419_front_a01_@2.png", "Brand": "Thirsty Buddha", "Url": "https://www.maxi.ca/sparkling-coconut-water-pineapple/p/21014419_EA", "Sub Category": null, "English Name": "Sparkling Coconut Water, Pineapple", "Size": "330 ml", "Size Label": "ea"}, {"Category": "Water", "Aisle": "Drinks", "Sku": "21516742_C08", "Regular Price": "None", "Sale Price": "8.99", "Image": "https://assets.shop.loblaws.ca/products/21516742/b1/en/front/21516742_front_a01_@2.png", "Brand": "Perrier", "Url": "https://www.maxi.ca/lemon-carbonated-natural-spring-water-with-natural/p/21516742_C08", "Sub Category": null, "English Name": "Lemon Carbonated Natural Spring Water with Natural Flavour, No Calories, No Sweeteners, No Sodium, Can", "Size": "8x330.0 ml", "Size Label": "c08"}, {"Category": "Water", "Aisle": "Drinks", "Sku": "21096643_EA", "Regular Price": "None", "Sale Price": "1.00", "Image": "https://assets.shop.loblaws.ca/products/21096643/b1/en/front/21096643_front_a01_@2.png", "Brand": "Montellier", "Url": "https://www.maxi.ca/carbonated-water-lime/p/21096643_EA", "Sub Category": null, "English Name": "Carbonated Water, Lime", "Size": "1 l", "Size Label": "ea"}, {"Category": "Water", "Aisle": "Drinks", "Sku": "20008522_EA", "Regular Price": "3.29", "Sale Price": "2.49", "Image": "https://assets.shop.loblaws.ca/products/20008522/b1/en/front/20008522_front_a01_@2.png", "Brand": "Evian", "Url": "https://www.maxi.ca/spring-water-bottle/p/20008522_EA", "Sub Category": null, "English Name": "Spring Water, Bottle", "Size": "1.5 l", "Size Label": "ea"}, {"Category": "Water", "Aisle": "Drinks", "Sku": "21433193_C06", "Regular Price": "None", "Sale Price": "7.79", "Image": "https://assets.shop.loblaws.ca/products/21433193/b1/en/front/21433193_front_a01_@2.png", "Brand": "San Pellegrino", "Url": "https://www.maxi.ca/naturali-arancia-fico-d-india-sparkling-orange-pri/p/21433193_C06", "Sub Category": null, "English Name": "Naturali Arancia & Fico D'India Sparkling Orange & Prickly Pear Beverage", "Size": "6x330.0 ml", "Size Label": "c06"}, {"Category": "Water", "Aisle": "Drinks", "Sku": "21433205_C06", "Regular Price": "None", "Sale Price": "7.79", "Image": "https://assets.shop.loblaws.ca/products/21433205/b1/en/front/21433205_front_a01_@2.png", "Brand": "San Pellegrino", "Url": "https://www.maxi.ca/naturali-aranciata-sparkling-orange-beverage/p/21433205_C06", "Sub Category": null, "English Name": "Naturali Aranciata Sparkling Orange Beverage", "Size": "6x330.0 ml", "Size Label": "c06"}, {"Category": "Water", "Aisle": "Drinks", "Sku": "20167798_C12", "Regular Price": "None", "Sale Price": "3.99", "Image": "https://assets.shop.loblaws.ca/products/20167798/b1/en/front/20167798_front_a01_@2.png", "Brand": "Eska", "Url": "https://www.maxi.ca/natural-spring-water/p/20167798_C12", "Sub Category": null, "English Name": "Natural Spring Water ", "Size": "12x500.0 ml", "Size Label": "pack of 12"}, {"Category": "Water", "Aisle": "Drinks", "Sku": "21434317_EA", "Regular Price": "None", "Sale Price": "1.49", "Image": "https://assets.shop.loblaws.ca/products/21434317/b1/en/front/21434317_front_a01_@2.png", "Brand": "President's Choice", "Url": "https://www.maxi.ca/original-carbonated-natural-spring-water/p/21434317_EA", "Sub Category": null, "English Name": "Original Carbonated Natural Spring Water", "Size": "1 l", "Size Label": "ea"}, {"Category": "Water", "Aisle": "Drinks", "Sku": "21404658_EA", "Regular Price": "None", "Sale Price": "3.29", "Image": "https://assets.shop.loblaws.ca/products/21404658/b1/en/front/21404658_front_a01_@2.png", "Brand": "Zevia", "Url": "https://www.maxi.ca/zero-sugar-energy-drink-kola/p/21404658_EA", "Sub Category": null, "English Name": "Zero Sugar Energy Drink, Kola", "Size": "355 ml", "Size Label": "ea"}, {"Category": "Water", "Aisle": "Drinks", "Sku": "21434314_EA", "Regular Price": "None", "Sale Price": "1.49", "Image": "https://assets.shop.loblaws.ca/products/21434314/b1/en/front/21434314_front_a01_@2.png", "Brand": "President's Choice", "Url": "https://www.maxi.ca/blood-orange-carbonated-natural-spring-water/p/21434314_EA", "Sub Category": null, "English Name": "Blood Orange Carbonated Natural Spring Water", "Size": "1 l", "Size Label": "ea"}, {"Category": "Water", "Aisle": "Drinks", "Sku": "21013203_EA", "Regular Price": "None", "Sale Price": "2.49", "Image": "https://assets.shop.loblaws.ca/products/21013203/b1/en/front/21013203_front_a01_@2.png", "Brand": "Perrier", "Url": "https://www.maxi.ca/sparking-water-original-1l/p/21013203_EA", "Sub Category": null, "English Name": "Sparking Water, Original, 1L", "Size": "1 l", "Size Label": "ea"}, {"Category": "Water", "Aisle": "Drinks", "Sku": "21443732_C12", "Regular Price": "None", "Sale Price": "6.79", "Image": "https://assets.shop.loblaws.ca/products/21443732/b1/en/front/21443732_front_a01_@2.png", "Brand": "Bubly Sparkling Water", "Url": "https://www.maxi.ca/limited-edition-mango/p/21443732_C12", "Sub Category": null, "English Name": "Limited Edition Mango", "Size": "12x355.0 ml", "Size Label": "c12"}, {"Category": "Water", "Aisle": "Drinks", "Sku": "20084633002_C06", "Regular Price": "None", "Sale Price": "8.29", "Image": "https://assets.shop.loblaws.ca/products/20084633002/b1/en/front/20084633002_front_a01_@2.png", "Brand": "Perrier", "Url": "https://www.maxi.ca/carbonated-natural-spring-water/p/20084633002_C06", "Sub Category": null, "English Name": "Carbonated Natural Spring Water", "Size": "6x500.0 ml", "Size Label": "pack of 6"}, {"Category": "Water", "Aisle": "Drinks", "Sku": "20005571_C12", "Regular Price": "None", "Sale Price": "2.39", "Image": "https://assets.shop.loblaws.ca/products/20005571/b1/en/front/20005571_front_a01_@2.png", "Brand": "President's Choice", "Url": "https://www.maxi.ca/natural-spring-water-12-bottles/p/20005571_C12", "Sub Category": null, "English Name": "Natural Spring Water 12 Bottles", "Size": "12x500.0 ml", "Size Label": "pack of 12"}, {"Category": "Water", "Aisle": "Drinks", "Sku": "21361901_C12", "Regular Price": "None", "Sale Price": "5.49", "Image": "https://assets.shop.loblaws.ca/products/21361901/b1/en/front/21361901_front_a01_@2.png", "Brand": "AHA", "Url": "https://www.maxi.ca/sparkling-water-beverage-orange-grapefruit/p/21361901_C12", "Sub Category": null, "English Name": "Sparkling Water Beverage Orange + Grapefruit", "Size": "12x355.0 ml", "Size Label": "pack of 12"}, {"Category": "Water", "Aisle": "Drinks", "Sku": "21103742_EA", "Regular Price": "None", "Sale Price": "4.29", "Image": "https://assets.shop.loblaws.ca/products/21103742/b1/en/front/21103742_front_a01_@2.png", "Brand": "Glaceau", "Url": "https://www.maxi.ca/water-bottle/p/21103742_EA", "Sub Category": null, "English Name": "Water, Bottle", "Size": "1.5 l", "Size Label": "ea"}, {"Category": "Water", "Aisle": "Drinks", "Sku": "21033026_C01", "Regular Price": "None", "Sale Price": "9.99", "Image": "https://assets.shop.loblaws.ca/products/21033026/b1/en/front/21033026_front_a01_@2.png", "Brand": "Flow Water", "Url": "https://www.maxi.ca/spring-water-case/p/21033026_C01", "Sub Category": null, "English Name": "Spring Water (Case)", "Size": "6x500.0 ml", "Size Label": "ea"}, {"Category": "Non-Alcoholic Drinks", "Aisle": "Drinks", "Sku": "20121729_C12", "Regular Price": "None", "Sale Price": "7.79", "Image": "https://assets.shop.loblaws.ca/products/20121729/b1/en/front/20121729_front_a01_@2.png", "Brand": "President's Choice", "Url": "https://www.maxi.ca/blonde-brew-dealcoholized-lager-beer/p/20121729_C12", "Sub Category": null, "English Name": "Blonde Brew Dealcoholized Lager Beer", "Size": "12x355.0 ml", "Size Label": "pack of 12"}, {"Category": "Non-Alcoholic Drinks", "Aisle": "Drinks", "Sku": "20325253_C12", "Regular Price": "None", "Sale Price": "7.79", "Image": "https://assets.shop.loblaws.ca/products/20325253/b1/en/front/20325253_front_a01_@2.png", "Brand": "President's Choice", "Url": "https://www.maxi.ca/red-brew-dealcoholized-lager-beer/p/20325253_C12", "Sub Category": null, "English Name": "Red Brew Dealcoholized Lager Beer ", "Size": "12x355.0 ml", "Size Label": "pack of 12"}, {"Category": "Non-Alcoholic Drinks", "Aisle": "Drinks", "Sku": "21433615_C06", "Regular Price": "None", "Sale Price": "14.49", "Image": "https://assets.shop.loblaws.ca/products/21433615/b1/en/front/21433615_front_a01_@2.png", "Brand": "Corona", "Url": "https://www.maxi.ca/sunbrew/p/21433615_C06", "Sub Category": null, "English Name": "Sunbrew", "Size": "6x330.0 ml", "Size Label": "c06"}, {"Category": "Non-Alcoholic Drinks", "Aisle": "Drinks", "Sku": "21515805_C12", "Regular Price": "None", "Sale Price": "23.49", "Image": "https://assets.shop.loblaws.ca/products/21515805/b1/en/front/21515805_front_a01_@2.png", "Brand": "Corona", "Url": "https://www.maxi.ca/sunbrew-alcohol-free-beer-with-natural-flavour-and/p/21515805_C12", "Sub Category": null, "English Name": "Sunbrew Alcohol-Free Beer with Natural Flavour and Vitamin D", "Size": "12x355.0 ml", "Size Label": "c12"}, {"Category": "Non-Alcoholic Drinks", "Aisle": "Drinks", "Sku": "20312861001_EA", "Regular Price": "None", "Sale Price": "9.99", "Image": "https://assets.shop.loblaws.ca/products/20312861001/b1/en/front/20312861001_front_a01_@2.png", "Brand": "Maxwell House", "Url": "https://www.maxi.ca/original-roast-ground-coffee/p/20312861001_EA", "Sub Category": null, "English Name": "Original Roast Ground Coffee", "Size": "925 g", "Size Label": "ea"}, {"Category": "Non-Alcoholic Drinks", "Aisle": "Drinks", "Sku": "21208552_C04", "Regular Price": "None", "Sale Price": "8.49", "Image": "https://assets.shop.loblaws.ca/products/21208552/b1/en/front/21208552_front_a01_@2.png", "Brand": "Partake", "Url": "https://www.maxi.ca/nonalcoholic-craft-beer-ipa/p/21208552_C04", "Sub Category": null, "English Name": "Nonalcoholic Craft Beer, IPA", "Size": "4x355.0 ml", "Size Label": "c04"}, {"Category": "Non-Alcoholic Drinks", "Aisle": "Drinks", "Sku": "21208553_C04", "Regular Price": "None", "Sale Price": "8.49", "Image": "https://assets.shop.loblaws.ca/products/21208553/b1/en/front/21208553_front_a01_@2.png", "Brand": "Partake", "Url": "https://www.maxi.ca/non-alcoholic-beer-pale/p/21208553_C04", "Sub Category": null, "English Name": "Non Alcoholic Beer, PALE", "Size": "4x355.0 ml", "Size Label": "c04"}, {"Category": "Non-Alcoholic Drinks", "Aisle": "Drinks", "Sku": "20080645_C06", "Regular Price": "None", "Sale Price": "11.99", "Image": "https://assets.shop.loblaws.ca/products/20080645/b1/en/front/20080645_front_a01_@2.png", "Brand": "Becks", "Url": "https://www.maxi.ca/non-alcoholic-beer/p/20080645_C06", "Sub Category": null, "English Name": "Non-Alcoholic Beer ", "Size": "6x330.0 ml", "Size Label": "pack of 6"}, {"Category": "Non-Alcoholic Drinks", "Aisle": "Drinks", "Sku": "21295370_C12", "Regular Price": "None", "Sale Price": "15.49", "Image": "https://assets.shop.loblaws.ca/products/21295370/b1/en/front/21295370_front_a01_@2.png", "Brand": "Budweiser", "Url": "https://www.maxi.ca/bud-zero-can/p/21295370_C12", "Sub Category": null, "English Name": "Bud Zero Can", "Size": "12x355.0 ml", "Size Label": "pack of 12"}, {"Category": "Non-Alcoholic Drinks", "Aisle": "Drinks", "Sku": "21308076_EA", "Regular Price": "17.99", "Sale Price": "12.99", "Image": "https://assets.shop.loblaws.ca/products/21308076/b1/en/front/21308076_front_a01_@2.png", "Brand": "Maxwell House", "Url": "https://www.maxi.ca/original-roast-coffee-100-compostable-k-cup-coffee/p/21308076_EA", "Sub Category": null, "English Name": "Original Roast Coffee 100% Compostable K Cup Coffee Pods", "Size": "285 g", "Size Label": "ea"}, {"Category": "Non-Alcoholic Drinks", "Aisle": "Drinks", "Sku": "21045800_EA", "Regular Price": "None", "Sale Price": "7.99", "Image": "https://assets.shop.loblaws.ca/products/21045800/b1/en/front/21045800_front_a01_@2.png", "Brand": "President's Choice", "Url": "https://www.maxi.ca/chardonnay-dealcoholized-wine/p/21045800_EA", "Sub Category": null, "English Name": "Chardonnay Dealcoholized Wine", "Size": "750 ml", "Size Label": "ea"}, {"Category": "Non-Alcoholic Drinks", "Aisle": "Drinks", "Sku": "21403389_EA", "Regular Price": "None", "Sale Price": "7.99", "Image": "https://assets.shop.loblaws.ca/products/21403389/b1/en/front/21403389_front_a01_@2.png", "Brand": "President's Choice", "Url": "https://www.maxi.ca/sauvignon-blanc-dealcoholized-wine/p/21403389_EA", "Sub Category": null, "English Name": "Sauvignon Blanc Dealcoholized Wine", "Size": "750 ml", "Size Label": "ea"}, {"Category": "Non-Alcoholic Drinks", "Aisle": "Drinks", "Sku": "21403385_EA", "Regular Price": "None", "Sale Price": "7.99", "Image": "https://assets.shop.loblaws.ca/products/21403385/b1/en/front/21403385_front_a01_@2.png", "Brand": "President's Choice", "Url": "https://www.maxi.ca/cabernet-sauvignon-dealcoholized-wine/p/21403385_EA", "Sub Category": null, "English Name": "Cabernet Sauvignon Dealcoholized Wine", "Size": "750 ml", "Size Label": "ea"}, {"Category": "Non-Alcoholic Drinks", "Aisle": "Drinks", "Sku": "21167976_C06", "Regular Price": "None", "Sale Price": "10.49", "Image": "https://assets.shop.loblaws.ca/products/21167976/b1/en/front/21167976_front_a01_@2.png", "Brand": "Kronenbourg", "Url": "https://www.maxi.ca/flavoured-wheat-beer-blanc/p/21167976_C06", "Sub Category": null, "English Name": "Flavoured Wheat Beer Blanc", "Size": "6x330.0 ml", "Size Label": "c06"}, {"Category": "Non-Alcoholic Drinks", "Aisle": "Drinks", "Sku": "21045602_EA", "Regular Price": "None", "Sale Price": "7.99", "Image": "https://assets.shop.loblaws.ca/products/21045602/b1/en/front/21045602_front_a01_@2.png", "Brand": "President's Choice", "Url": "https://www.maxi.ca/merlot-dealcoholized-wine/p/21045602_EA", "Sub Category": null, "English Name": "Merlot Dealcoholized Wine", "Size": "750 ml", "Size Label": "ea"}, {"Category": "Non-Alcoholic Drinks", "Aisle": "Drinks", "Sku": "21045604_EA", "Regular Price": "None", "Sale Price": "7.99", "Image": "https://assets.shop.loblaws.ca/products/21045604/b1/en/front/21045604_front_a01_@2.png", "Brand": "President's Choice", "Url": "https://www.maxi.ca/sparkling-dealcoholized-wine/p/21045604_EA", "Sub Category": null, "English Name": "Sparkling Dealcoholized Wine", "Size": "750 ml", "Size Label": "ea"}, {"Category": "Non-Alcoholic Drinks", "Aisle": "Drinks", "Sku": "20074844_EA", "Regular Price": "None", "Sale Price": "4.79", "Image": "https://assets.shop.loblaws.ca/products/20074844/b1/en/front/20074844_front_a01_@2.png", "Brand": null, "Url": "https://www.maxi.ca/syrup-grenadine/p/20074844_EA", "Sub Category": null, "English Name": "Syrup, Grenadine", "Size": "375 ml", "Size Label": "ea"}, {"Category": "Frozen Fruit & Vegetables", "Aisle": "Frozen", "Sku": "20312227_EA", "Regular Price": "None", "Sale Price": "5.49", "Image": "https://assets.shop.loblaws.ca/products/20312227/b1/en/front/20312227_front_a01_@2.png", "Brand": "President's Choice", "Url": "https://www.maxi.ca/sliced-strawberries/p/20312227_EA", "Sub Category": null, "English Name": "Sliced Strawberries", "Size": "600 g", "Size Label": "ea"}, {"Category": "Frozen Fruit & Vegetables", "Aisle": "Frozen", "Sku": "21377841_EA", "Regular Price": "None", "Sale Price": "5.49", "Image": "https://assets.shop.loblaws.ca/products/21377841/b1/en/front/21377841_front_a01_@2.png", "Brand": "President's Choice", "Url": "https://www.maxi.ca/blueberries-cultivated/p/21377841_EA", "Sub Category": null, "English Name": "Blueberries Cultivated", "Size": "600 g", "Size Label": "ea"}, {"Category": "Frozen Fruit & Vegetables", "Aisle": "Frozen", "Sku": "20318915_EA", "Regular Price": "4.49", "Sale Price": "3.49", "Image": "https://assets.shop.loblaws.ca/products/20318915/b1/en/front/20318915_front_a01_@2.png", "Brand": "President's Choice", "Url": "https://www.maxi.ca/broccoli-florets/p/20318915_EA", "Sub Category": null, "English Name": "Broccoli Florets", "Size": "500 g", "Size Label": "ea"}, {"Category": "Frozen Fruit & Vegetables", "Aisle": "Frozen", "Sku": "20312260_EA", "Regular Price": "None", "Sale Price": "2.29", "Image": "https://assets.shop.loblaws.ca/products/20312260/b1/en/front/20312260_front_a01_@2.png", "Brand": "No Name", "Url": "https://www.maxi.ca/green-peas/p/20312260_EA", "Sub Category": null, "English Name": "Green Peas", "Size": "750 g", "Size Label": "ea"}, {"Category": "Frozen Fruit & Vegetables", "Aisle": "Frozen", "Sku": "20296356_EA", "Regular Price": "None", "Sale Price": "5.49", "Image": "https://assets.shop.loblaws.ca/products/20296356/b1/en/front/20296356_front_a01_@2.png", "Brand": "President's Choice", "Url": "https://www.maxi.ca/mango-chunks/p/20296356_EA", "Sub Category": null, "English Name": "Mango Chunks ", "Size": "600 g", "Size Label": "ea"}, {"Category": "Frozen Fruit & Vegetables", "Aisle": "Frozen", "Sku": "20306375_EA", "Regular Price": "None", "Sale Price": "2.29", "Image": "https://assets.shop.loblaws.ca/products/20306375/b1/en/front/20306375_front_a01_@2.png", "Brand": "No Name", "Url": "https://www.maxi.ca/whole-kernel-corn/p/20306375_EA", "Sub Category": null, "English Name": "Whole Kernel Corn", "Size": "750 g", "Size Label": "ea"}, {"Category": "Frozen Fruit & Vegetables", "Aisle": "Frozen", "Sku": "21480144_EA", "Regular Price": "None", "Sale Price": "13.99", "Image": "https://assets.shop.loblaws.ca/products/21480144/b1/en/front/21480144_front_a01_@2.png", "Brand": "No Name", "Url": "https://www.maxi.ca/naturally-imperfect-frozen-berry-blend/p/21480144_EA", "Sub Category": null, "English Name": "Naturally Imperfect Frozen Berry Blend", "Size": "2 kg", "Size Label": "ea"}, {"Category": "Frozen Fruit & Vegetables", "Aisle": "Frozen", "Sku": "20301012_EA", "Regular Price": "None", "Sale Price": "2.29", "Image": "https://assets.shop.loblaws.ca/products/20301012/b1/en/front/20301012_front_a01_@2.png", "Brand": "No Name", "Url": "https://www.maxi.ca/mixed-vegetables/p/20301012_EA", "Sub Category": null, "English Name": "Mixed Vegetables", "Size": "750 g", "Size Label": "ea"}, {"Category": "Frozen Fruit & Vegetables", "Aisle": "Frozen", "Sku": "20295818_EA", "Regular Price": "None", "Sale Price": "2.29", "Image": "https://assets.shop.loblaws.ca/products/20295818/b1/en/front/20295818_front_a01_@2.png", "Brand": "No Name", "Url": "https://www.maxi.ca/peas-and-carrots/p/20295818_EA", "Sub Category": null, "English Name": "Peas and Carrots", "Size": "750 g", "Size Label": "ea"}, {"Category": "Frozen Fruit & Vegetables", "Aisle": "Frozen", "Sku": "20314960_EA", "Regular Price": "4.49", "Sale Price": "3.49", "Image": "https://assets.shop.loblaws.ca/products/20314960/b1/en/front/20314960_front_a01_@2.png", "Brand": "President's Choice", "Url": "https://www.maxi.ca/petite-pois-small-sweet-peas/p/20314960_EA", "Sub Category": null, "English Name": "Petite Pois Small Sweet Peas", "Size": "750 g", "Size Label": "ea"}, {"Category": "Frozen Fruit & Vegetables", "Aisle": "Frozen", "Sku": "20419259_EA", "Regular Price": "None", "Sale Price": "5.49", "Image": "https://assets.shop.loblaws.ca/products/20419259/b1/en/front/20419259_front_a01_@2.png", "Brand": "President's Choice", "Url": "https://www.maxi.ca/pitted-dark-sweet-cherries/p/20419259_EA", "Sub Category": null, "English Name": "Pitted Dark Sweet Cherries ", "Size": "600 g", "Size Label": "ea"}, {"Category": "Frozen Fruit & Vegetables", "Aisle": "Frozen", "Sku": "20910293_EA", "Regular Price": "None", "Sale Price": "5.49", "Image": "https://assets.shop.loblaws.ca/products/20910293/b1/en/front/20910293_front_a01_@2.png", "Brand": "President's Choice", "Url": "https://www.maxi.ca/dark-sweet-cherries-blueberries-and-blackberries-p/p/20910293_EA", "Sub Category": null, "English Name": "Dark Sweet Cherries, Blueberries and Blackberries Power Fruit Blend ", "Size": "600 g", "Size Label": "ea"}, {"Category": "Frozen Fruit & Vegetables", "Aisle": "Frozen", "Sku": "20612667_EA", "Regular Price": "None", "Sale Price": "5.49", "Image": "https://assets.shop.loblaws.ca/products/20612667/b1/en/front/20612667_front_a01_@2.png", "Brand": "President's Choice", "Url": "https://www.maxi.ca/peaches-strawberries-pineapple-mango-4-fruit-blend/p/20612667_EA", "Sub Category": null, "English Name": "Peaches, Strawberries, Pineapple & Mango 4-Fruit Blend", "Size": "600 g", "Size Label": "ea"}, {"Category": "Frozen Fruit & Vegetables", "Aisle": "Frozen", "Sku": "21033164_EA", "Regular Price": "None", "Sale Price": "13.99", "Image": "https://assets.shop.loblaws.ca/products/21033164/b1/en/front/21033164_front_a01_@2.png", "Brand": "No Name", "Url": "https://www.maxi.ca/blueberries/p/21033164_EA", "Sub Category": null, "English Name": "Blueberries", "Size": "2 kg", "Size Label": "ea"}, {"Category": "Frozen Fruit & Vegetables", "Aisle": "Frozen", "Sku": "21034229_EA", "Regular Price": "None", "Sale Price": "5.49", "Image": "https://assets.shop.loblaws.ca/products/21034229/b1/en/front/21034229_front_a01_@2.png", "Brand": "President's Choice", "Url": "https://www.maxi.ca/mangoes-strawberries-peaches-fruit-blend/p/21034229_EA", "Sub Category": null, "English Name": "Mangoes, Strawberries & Peaches Fruit Blend", "Size": "600 g", "Size Label": "ea"}, {"Category": "Frozen Fruit & Vegetables", "Aisle": "Frozen", "Sku": "20316388_EA", "Regular Price": "5.99", "Sale Price": "5.49", "Image": "https://assets.shop.loblaws.ca/products/20316388/b1/en/front/20316388_front_a01_@2.png", "Brand": "No Name", "Url": "https://www.maxi.ca/mixed-vegetables/p/20316388_EA", "Sub Category": null, "English Name": "Mixed Vegetables", "Size": "2 kg", "Size Label": "ea"}, {"Category": "Frozen Fruit & Vegetables", "Aisle": "Frozen", "Sku": "20159634_EA", "Regular Price": "4.49", "Sale Price": "3.49", "Image": "https://assets.shop.loblaws.ca/products/20159634/b1/en/front/20159634_front_a01_@2.png", "Brand": "President's Choice", "Url": "https://www.maxi.ca/baby-brussels-sprouts/p/20159634_EA", "Sub Category": null, "English Name": "Baby Brussels Sprouts ", "Size": "500 g", "Size Label": "ea"}, {"Category": "Frozen Fruit & Vegetables", "Aisle": "Frozen", "Sku": "21099410_EA", "Regular Price": "None", "Sale Price": "14.99", "Image": "https://assets.shop.loblaws.ca/products/21099410/b1/en/front/21099410_front_a01_@2.png", "Brand": "President's Choice", "Url": "https://www.maxi.ca/strawberries-raspberries-blackberries-blueberries/p/21099410_EA", "Sub Category": null, "English Name": "Strawberries, Raspberries, Blackberries & Blueberries 4-Berry Blend, Club Size", "Size": "2 kg", "Size Label": "ea"}, {"Category": "Frozen Fruit & Vegetables", "Aisle": "Frozen", "Sku": "21289952_EA", "Regular Price": "None", "Sale Price": "5.49", "Image": "https://assets.shop.loblaws.ca/products/21289952/b1/en/front/21289952_front_a01_@2.png", "Brand": "President's Choice", "Url": "https://www.maxi.ca/pineapple-dragon-fruit-passion-fruit-tropical-frui/p/21289952_EA", "Sub Category": null, "English Name": "Pineapple, Dragon Fruit & Passion Fruit Tropical Fruit Blend", "Size": "500 g", "Size Label": "ea"}, {"Category": "Frozen Fruit & Vegetables", "Aisle": "Frozen", "Sku": "20316412_EA", "Regular Price": "None", "Sale Price": "2.29", "Image": "https://assets.shop.loblaws.ca/products/20316412/b1/en/front/20316412_front_a01_@2.png", "Brand": "No Name", "Url": "https://www.maxi.ca/california-blend-mixed-vegetables/p/20316412_EA", "Sub Category": null, "English Name": "California Blend Mixed Vegetables", "Size": "750 g", "Size Label": "ea"}, {"Category": "Frozen Fruit & Vegetables", "Aisle": "Frozen", "Sku": "21106195_EA", "Regular Price": "4.49", "Sale Price": "3.49", "Image": "https://assets.shop.loblaws.ca/products/21106195/b1/en/front/21106195_front_a01_@2.png", "Brand": "President's Choice", "Url": "https://www.maxi.ca/3-pepper-onion-blend/p/21106195_EA", "Sub Category": null, "English Name": "3 Pepper & Onion Blend", "Size": "500 g", "Size Label": "ea"}, {"Category": "Frozen Fruit & Vegetables", "Aisle": "Frozen", "Sku": "21381732_EA", "Regular Price": "None", "Sale Price": "14.99", "Image": "https://assets.shop.loblaws.ca/products/21381732/b1/en/front/21381732_front_a01_@2.png", "Brand": "President's Choice", "Url": "https://www.maxi.ca/wild-blueberries/p/21381732_EA", "Sub Category": null, "English Name": "Wild Blueberries", "Size": "1.5 kg", "Size Label": "ea"}, {"Category": "Frozen Fruit & Vegetables", "Aisle": "Frozen", "Sku": "20977547_EA", "Regular Price": "None", "Sale Price": "5.49", "Image": "https://assets.shop.loblaws.ca/products/20977547/b1/en/front/20977547_front_a01_@2.png", "Brand": "President's Choice", "Url": "https://www.maxi.ca/pineapple-chunks/p/20977547_EA", "Sub Category": null, "English Name": "Pineapple Chunks", "Size": "600 g", "Size Label": "ea"}, {"Category": "Frozen Fruit & Vegetables", "Aisle": "Frozen", "Sku": "20302205_EA", "Regular Price": "None", "Sale Price": "2.29", "Image": "https://assets.shop.loblaws.ca/products/20302205/b1/en/front/20302205_front_a01_@2.png", "Brand": "No Name", "Url": "https://www.maxi.ca/mixed-garden-vegetables/p/20302205_EA", "Sub Category": null, "English Name": "Mixed Garden Vegetables", "Size": "750 g", "Size Label": "ea"}, {"Category": "Frozen Fruit & Vegetables", "Aisle": "Frozen", "Sku": "21289947_EA", "Regular Price": "None", "Sale Price": "5.49", "Image": "https://assets.shop.loblaws.ca/products/21289947/b1/en/front/21289947_front_a01_@2.png", "Brand": "President's Choice", "Url": "https://www.maxi.ca/banana-sliced/p/21289947_EA", "Sub Category": null, "English Name": "Banana - Sliced", "Size": "600 g", "Size Label": "ea"}, {"Category": "Frozen Fruit & Vegetables", "Aisle": "Frozen", "Sku": "20977541_EA", "Regular Price": "None", "Sale Price": "5.49", "Image": "https://assets.shop.loblaws.ca/products/20977541/b1/en/front/20977541_front_a01_@2.png", "Brand": "President's Choice", "Url": "https://www.maxi.ca/avocado-chunks/p/20977541_EA", "Sub Category": null, "English Name": "Avocado Chunks", "Size": "400 g", "Size Label": "ea"}, {"Category": "Frozen Fruit & Vegetables", "Aisle": "Frozen", "Sku": "20185642_EA", "Regular Price": "5.99", "Sale Price": "5.49", "Image": "https://assets.shop.loblaws.ca/products/20185642/b1/en/front/20185642_front_a01_@2.png", "Brand": "No Name", "Url": "https://www.maxi.ca/california-blend-veggies/p/20185642_EA", "Sub Category": null, "English Name": "California Blend Veggies", "Size": "2 kg", "Size Label": "ea"}, {"Category": "Frozen Fruit & Vegetables", "Aisle": "Frozen", "Sku": "20419135_EA", "Regular Price": "None", "Sale Price": "5.49", "Image": "https://assets.shop.loblaws.ca/products/20419135/b1/en/front/20419135_front_a01_@2.png", "Brand": "President's Choice", "Url": "https://www.maxi.ca/sliced-peaches/p/20419135_EA", "Sub Category": null, "English Name": "Sliced Peaches", "Size": "600 g", "Size Label": "ea"}, {"Category": "Frozen Fruit & Vegetables", "Aisle": "Frozen", "Sku": "20321043_EA", "Regular Price": "None", "Sale Price": "5.49", "Image": "https://assets.shop.loblaws.ca/products/20321043/b1/en/front/20321043_front_a01_@2.png", "Brand": "President's Choice", "Url": "https://www.maxi.ca/frozen-strawberries-whole/p/20321043_EA", "Sub Category": null, "English Name": "Frozen Strawberries, Whole", "Size": "600 g", "Size Label": "ea"}, {"Category": "Frozen Fruit & Vegetables", "Aisle": "Frozen", "Sku": "21378022_EA", "Regular Price": "None", "Sale Price": "14.99", "Image": "https://assets.shop.loblaws.ca/products/21378022/b1/en/front/21378022_front_a01_@2.png", "Brand": "President's Choice", "Url": "https://www.maxi.ca/fruit-blend/p/21378022_EA", "Sub Category": null, "English Name": "Fruit Blend", "Size": "2 kg", "Size Label": "ea"}, {"Category": "Frozen Fruit & Vegetables", "Aisle": "Frozen", "Sku": "20560039_EA", "Regular Price": "None", "Sale Price": "10.99", "Image": "https://assets.shop.loblaws.ca/products/20560039/b1/en/front/20560039_front_a01_@2.png", "Brand": "Garden Gourmet", "Url": "https://www.maxi.ca/vegetable-spaghetti-mix/p/20560039_EA", "Sub Category": null, "English Name": "Vegetable Spaghetti Mix", "Size": "1.75 kg", "Size Label": "ea"}, {"Category": "Frozen Fruit & Vegetables", "Aisle": "Frozen", "Sku": "20896687_EA", "Regular Price": "4.49", "Sale Price": "3.49", "Image": "https://assets.shop.loblaws.ca/products/20896687/b1/en/front/20896687_front_a01_@2.png", "Brand": "President's Choice", "Url": "https://www.maxi.ca/bangkok-style-vegetable-blend/p/20896687_EA", "Sub Category": null, "English Name": "Bangkok-Style Vegetable Blend ", "Size": "500 g", "Size Label": "ea"}, {"Category": "Frozen Fruit & Vegetables", "Aisle": "Frozen", "Sku": "20332693001_EA", "Regular Price": "None", "Sale Price": "10.99", "Image": "https://assets.shop.loblaws.ca/products/20332693001/b1/en/front/20332693001_front_a01_@2.png", "Brand": "Garden Gourmet", "Url": "https://www.maxi.ca/arctic-gardens-asian-style-stir-fry-blend/p/20332693001_EA", "Sub Category": null, "English Name": "Arctic Gardens Asian Style Stir Fry Blend", "Size": "1.75 kg", "Size Label": "ea"}, {"Category": "Frozen Fruit & Vegetables", "Aisle": "Frozen", "Sku": "21289951_EA", "Regular Price": "None", "Sale Price": "13.99", "Image": "https://assets.shop.loblaws.ca/products/21289951/b1/en/front/21289951_front_a01_@2.png", "Brand": "No Name", "Url": "https://www.maxi.ca/pineapples-pieces/p/21289951_EA", "Sub Category": null, "English Name": "Pineapples pieces", "Size": "2 kg", "Size Label": "ea"}, {"Category": "Frozen Fruit & Vegetables", "Aisle": "Frozen", "Sku": "21520140_EA", "Regular Price": "None", "Sale Price": "5.79", "Image": "https://assets.shop.loblaws.ca/products/21520140/b1/en/front/21520140_front_a01_@2.png", "Brand": "President's Choice", "Url": "https://www.maxi.ca/smokin-stampede-corn-ribs/p/21520140_EA", "Sub Category": null, "English Name": "Smokin\u2019 Stampede\u2122 Corn Ribs", "Size": "500 g", "Size Label": "ea"}, {"Category": "Frozen Fruit & Vegetables", "Aisle": "Frozen", "Sku": "21038240_EA", "Regular Price": "None", "Sale Price": "2.29", "Image": "https://assets.shop.loblaws.ca/products/21038240/b1/en/front/21038240_front_a01_@2.png", "Brand": "No Name", "Url": "https://www.maxi.ca/diced-vegetable-mix/p/21038240_EA", "Sub Category": null, "English Name": "Diced Vegetable Mix", "Size": "750 g", "Size Label": "ea"}, {"Category": "Frozen Fruit & Vegetables", "Aisle": "Frozen", "Sku": "21449259_EA", "Regular Price": "None", "Sale Price": "2.99", "Image": "https://assets.shop.loblaws.ca/products/21449259/b1/en/front/21449259_front_a01_@2.png", "Brand": "Swanson", "Url": "https://www.maxi.ca/oven-roasters-seasoned-brussels-sprouts-carrots/p/21449259_EA", "Sub Category": null, "English Name": "Oven Roasters Seasoned Brussels Sprouts & Carrots", "Size": "425 g", "Size Label": "ea"}, {"Category": "Frozen Fruit & Vegetables", "Aisle": "Frozen", "Sku": "21432028_EA", "Regular Price": "None", "Sale Price": "5.79", "Image": "https://assets.shop.loblaws.ca/products/21432028/b1/en/front/21432028_front_a01_@2.png", "Brand": "President's Choice", "Url": "https://www.maxi.ca/grilled-ready-veggie-eggplant/p/21432028_EA", "Sub Category": null, "English Name": "Grilled Ready Veggie Eggplant", "Size": "500 g", "Size Label": "ea"}, {"Category": "Frozen Fruit & Vegetables", "Aisle": "Frozen", "Sku": "20306166002_EA", "Regular Price": "None", "Sale Price": "10.99", "Image": "https://assets.shop.loblaws.ca/products/20306166002/b1/en/front/20306166002_front_a01_@2.png", "Brand": "AG Stir Fry", "Url": "https://www.maxi.ca/california-style-mixed-vegetables/p/20306166002_EA", "Sub Category": null, "English Name": "California Style Mixed Vegetables", "Size": "1.75 kg", "Size Label": "ea"}, {"Category": "Frozen Fruit & Vegetables", "Aisle": "Frozen", "Sku": "21483915_EA", "Regular Price": "None", "Sale Price": "4.99", "Image": "https://assets.shop.loblaws.ca/products/21483915/b1/en/front/21483915_front_a01_@2.png", "Brand": "Arctic Gardens", "Url": "https://www.maxi.ca/mixed-vegetables-california-style/p/21483915_EA", "Sub Category": null, "English Name": "Mixed Vegetables California Style", "Size": "675 g", "Size Label": "ea"}, {"Category": "Frozen Fruit & Vegetables", "Aisle": "Frozen", "Sku": "20896667_EA", "Regular Price": "4.49", "Sale Price": "3.49", "Image": "https://assets.shop.loblaws.ca/products/20896667/b1/en/front/20896667_front_a01_@2.png", "Brand": "President's Choice", "Url": "https://www.maxi.ca/vegetable-medley/p/20896667_EA", "Sub Category": null, "English Name": "Vegetable Medley ", "Size": "750 g", "Size Label": "ea"}, {"Category": "Frozen Fruit & Vegetables", "Aisle": "Frozen", "Sku": "20214483_EA", "Regular Price": "None", "Sale Price": "2.29", "Image": "https://assets.shop.loblaws.ca/products/20214483/b1/en/front/20214483_front_a01_@2.png", "Brand": "No Name", "Url": "https://www.maxi.ca/winter-vegetables/p/20214483_EA", "Sub Category": null, "English Name": "Winter Vegetables", "Size": "750 g", "Size Label": "ea"}, {"Category": "Frozen Fruit & Vegetables", "Aisle": "Frozen", "Sku": "21106753_EA", "Regular Price": "4.49", "Sale Price": "3.49", "Image": "https://assets.shop.loblaws.ca/products/21106753/b1/en/front/21106753_front_a01_@2.png", "Brand": "President's Choice", "Url": "https://www.maxi.ca/sliced-red-beets/p/21106753_EA", "Sub Category": null, "English Name": "Sliced Red Beets", "Size": "500 g", "Size Label": "ea"}, {"Category": "Frozen Fruit & Vegetables", "Aisle": "Frozen", "Sku": "20611796_EA", "Regular Price": "None", "Sale Price": "1.79", "Image": "https://assets.shop.loblaws.ca/products/20611796/b1/en/front/20611796_front_a01_@2.png", "Brand": "No Name", "Url": "https://www.maxi.ca/chopped-spinach/p/20611796_EA", "Sub Category": null, "English Name": "Chopped Spinach", "Size": "300 g", "Size Label": "ea"}, {"Category": "Frozen Fruit & Vegetables", "Aisle": "Frozen", "Sku": "21038776_EA", "Regular Price": "None", "Sale Price": "2.29", "Image": "https://assets.shop.loblaws.ca/products/21038776/b1/en/front/21038776_front_a01_@2.png", "Brand": "No Name", "Url": "https://www.maxi.ca/mirepoix/p/21038776_EA", "Sub Category": null, "English Name": "Mirepoix ", "Size": "750 g", "Size Label": "ea"}, {"Category": "Frozen Fruit & Vegetables", "Aisle": "Frozen", "Sku": "21516003_EA", "Regular Price": "None", "Sale Price": "7.29", "Image": "https://assets.shop.loblaws.ca/products/21516003/b1/en/front/21516003_front_a01_@2.png", "Brand": "trufru", "Url": "https://www.maxi.ca/nature-s-strawberries-frozen-fresh-in-white-milk-c/p/21516003_EA", "Sub Category": null, "English Name": "Nature's Strawberries, Frozen Fresh in White & Milk Chocolate", "Size": "170 g", "Size Label": "ea"}, {"Category": "Frozen Fruit & Vegetables", "Aisle": "Frozen", "Sku": "20295769_EA", "Regular Price": "4.49", "Sale Price": "3.49", "Image": "https://assets.shop.loblaws.ca/products/20295769/b1/en/front/20295769_front_a01_@2.png", "Brand": "President's Choice", "Url": "https://www.maxi.ca/asian-style-vegetable-blend/p/20295769_EA", "Sub Category": null, "English Name": "Asian-Style Vegetable Blend ", "Size": "500 g", "Size Label": "ea"}, {"Category": "Frozen Fruit & Vegetables", "Aisle": "Frozen", "Sku": "21515998_EA", "Regular Price": "None", "Sale Price": "7.29", "Image": "https://assets.shop.loblaws.ca/products/21515998/b1/en/front/21515998_front_a01_@2.png", "Brand": "trufru", "Url": "https://www.maxi.ca/nature-s-raspberries-frozen-fresh-in-white-dark-ch/p/21515998_EA", "Sub Category": null, "English Name": "Nature's Raspberries, Frozen Fresh in White & Dark Chocolate", "Size": "170 g", "Size Label": "ea"}, {"Category": "Frozen Fruit & Vegetables", "Aisle": "Frozen", "Sku": "20030072_EA", "Regular Price": "None", "Sale Price": "5.49", "Image": "https://assets.shop.loblaws.ca/products/20030072/b1/en/front/20030072_front_a01_@2.png", "Brand": "President's Choice", "Url": "https://www.maxi.ca/cranberries/p/20030072_EA", "Sub Category": null, "English Name": "Cranberries", "Size": "600 g", "Size Label": "ea"}, {"Category": "Frozen Fruit & Vegetables", "Aisle": "Frozen", "Sku": "21483864_EA", "Regular Price": "None", "Sale Price": "4.99", "Image": "https://assets.shop.loblaws.ca/products/21483864/b1/en/front/21483864_front_a01_@2.png", "Brand": "Arctic Gardens", "Url": "https://www.maxi.ca/special-blend-of-vegetables-for-spaghetti/p/21483864_EA", "Sub Category": null, "English Name": "Special Blend Of Vegetables For Spaghetti", "Size": "675 g", "Size Label": "ea"}, {"Category": "Frozen Fruit & Vegetables", "Aisle": "Frozen", "Sku": "20295769_EA", "Regular Price": "4.49", "Sale Price": "3.49", "Image": "https://assets.shop.loblaws.ca/products/20295769/b1/en/front/20295769_front_a01_@2.png", "Brand": "President's Choice", "Url": "https://www.maxi.ca/asian-style-vegetable-blend/p/20295769_EA", "Sub Category": null, "English Name": "Asian-Style Vegetable Blend ", "Size": "500 g", "Size Label": "ea"}, {"Category": "Frozen Fruit & Vegetables", "Aisle": "Frozen", "Sku": "21122023_EA", "Regular Price": "None", "Sale Price": "11.99", "Image": "https://assets.shop.loblaws.ca/products/21122023/b1/en/front/21122023_front_a01_@2.png", "Brand": "Evive", "Url": "https://www.maxi.ca/smoothie-cubes-asana/p/21122023_EA", "Sub Category": null, "English Name": "Smoothie Cubes Asana", "Size": "405 g", "Size Label": "ea"}, {"Category": "Frozen Fruit & Vegetables", "Aisle": "Frozen", "Sku": "21378036_EA", "Regular Price": "None", "Sale Price": "13.99", "Image": "https://assets.shop.loblaws.ca/products/21378036/b1/en/front/21378036_front_a01_@2.png", "Brand": "No Name", "Url": "https://www.maxi.ca/fruit-blend/p/21378036_EA", "Sub Category": null, "English Name": "Fruit Blend ", "Size": "2 kg", "Size Label": "ea"}, {"Category": "Frozen Fruit & Vegetables", "Aisle": "Frozen", "Sku": "20306166001_EA", "Regular Price": "None", "Sale Price": "10.99", "Image": "https://assets.shop.loblaws.ca/products/20306166001/b1/en/front/20306166001_front_a01_@2.png", "Brand": "AG Stir Fry", "Url": "https://www.maxi.ca/thai-style-mixed-vegetables/p/20306166001_EA", "Sub Category": null, "English Name": "Thai Style Mixed Vegetables", "Size": "1.75 kg", "Size Label": "ea"}, {"Category": "Frozen Fruit & Vegetables", "Aisle": "Frozen", "Sku": "21397885_EA", "Regular Price": "None", "Sale Price": "4.99", "Image": "https://assets.shop.loblaws.ca/products/21397885/b1/en/front/21397885_front_a01_@2.png", "Brand": "President's Choice", "Url": "https://www.maxi.ca/berry-blush-banana-smoothie-blend/p/21397885_EA", "Sub Category": null, "English Name": "Berry Blush Banana Smoothie Blend", "Size": "450 g", "Size Label": "ea"}, {"Category": "Frozen Fruit & Vegetables", "Aisle": "Frozen", "Sku": "21449246_EA", "Regular Price": "None", "Sale Price": "2.99", "Image": "https://assets.shop.loblaws.ca/products/21449246/b1/en/front/21449246_front_a01_@2.png", "Brand": "Swanson", "Url": "https://www.maxi.ca/oven-roasters-seasoned-broccoli-cauliflower/p/21449246_EA", "Sub Category": null, "English Name": "Oven Roasters Seasoned Broccoli & Cauliflower", "Size": "397 g", "Size Label": "ea"}, {"Category": "Meals, Entrees & Sides", "Aisle": "Frozen", "Sku": "20092492001_EA", "Regular Price": "None", "Sale Price": "2.99", "Image": "https://assets.shop.loblaws.ca/products/20092492001/b1/en/front/20092492001_front_a01_@2.png", "Brand": "No Name", "Url": "https://www.maxi.ca/fried-potatoes-crispy-skin-on/p/20092492001_EA", "Sub Category": null, "English Name": "Fried Potatoes, Crispy Skin On", "Size": "1 kg", "Size Label": "ea"}, {"Category": "Meals, Entrees & Sides", "Aisle": "Frozen", "Sku": "20324328002_EA", "Regular Price": "None", "Sale Price": "3.29", "Image": "https://assets.shop.loblaws.ca/products/20324328002/b1/en/front/20324328002_front_a01_@2.png", "Brand": "McCain", "Url": "https://www.maxi.ca/superfries-5-minute-shoestring/p/20324328002_EA", "Sub Category": null, "English Name": "Superfries\u00ae 5 Minute Shoestring", "Size": "650 g", "Size Label": "ea"}, {"Category": "Meals, Entrees & Sides", "Aisle": "Frozen", "Sku": "20507550_EA", "Regular Price": "10.99", "Sale Price": "7.99", "Image": "https://assets.shop.loblaws.ca/products/20507550/b1/en/front/20507550_front_a01_@2.png", "Brand": "Lous", "Url": "https://www.maxi.ca/shaved-beef-au-jus/p/20507550_EA", "Sub Category": null, "English Name": "Shaved Beef au Jus", "Size": "400 g", "Size Label": "ea"}, {"Category": "Meals, Entrees & Sides", "Aisle": "Frozen", "Sku": "20078077_EA", "Regular Price": "10.99", "Sale Price": "7.99", "Image": "https://assets.shop.loblaws.ca/products/20078077/b1/en/front/20078077_front_a01_@2.png", "Brand": "Lous", "Url": "https://www.maxi.ca/roast-beef-au-jus/p/20078077_EA", "Sub Category": null, "English Name": "Roast Beef au Jus", "Size": "375 g", "Size Label": "ea"}, {"Category": "Meals, Entrees & Sides", "Aisle": "Frozen", "Sku": "20799502_EA", "Regular Price": "None", "Sale Price": "5.49", "Image": "https://assets.shop.loblaws.ca/products/20799502/b1/en/front/20799502_front_a01_@2.png", "Brand": "McCain", "Url": "https://www.maxi.ca/super-spirals-curly-fries/p/20799502_EA", "Sub Category": null, "English Name": "Super Spirals\u00ae - Curly Fries", "Size": "650 g", "Size Label": "ea"}, {"Category": "Meals, Entrees & Sides", "Aisle": "Frozen", "Sku": "21046171_EA", "Regular Price": "10.99", "Sale Price": "7.99", "Image": "https://assets.shop.loblaws.ca/products/21046171/b1/en/front/21046171_front_a01_@2.png", "Brand": "Lous", "Url": "https://www.maxi.ca/philly-style-shaved-steak/p/21046171_EA", "Sub Category": null, "English Name": "Philly Style Shaved Steak", "Size": "400 g", "Size Label": "ea"}, {"Category": "Meals, Entrees & Sides", "Aisle": "Frozen", "Sku": "20182404_EA", "Regular Price": "None", "Sale Price": "7.99", "Image": "https://assets.shop.loblaws.ca/products/20182404/b1/en/front/20182404_front_a01_@2.png", "Brand": "Lous", "Url": "https://www.maxi.ca/pulled-pork/p/20182404_EA", "Sub Category": null, "English Name": "Pulled Pork", "Size": "400 g", "Size Label": "ea"}, {"Category": "Meals, Entrees & Sides", "Aisle": "Frozen", "Sku": "20799359_EA", "Regular Price": "None", "Sale Price": "3.29", "Image": "https://assets.shop.loblaws.ca/products/20799359/b1/en/front/20799359_front_a01_@2.png", "Brand": "McCain", "Url": "https://www.maxi.ca/superfries-crinkle-cut-fries/p/20799359_EA", "Sub Category": null, "English Name": "Superfries\u00ae Crinkle Cut Fries", "Size": "650 g", "Size Label": "ea"}, {"Category": "Meals, Entrees & Sides", "Aisle": "Frozen", "Sku": "21208614_EA", "Regular Price": "None", "Sale Price": "2.49", "Image": "https://assets.shop.loblaws.ca/products/21208614/b1/en/front/21208614_front_a01_@2.png", "Brand": "Michelina", "Url": "https://www.maxi.ca/macaroni-and-cheese/p/21208614_EA", "Sub Category": null, "English Name": "Macaroni and Cheese", "Size": "255 g", "Size Label": "ea"}, {"Category": "Meals, Entrees & Sides", "Aisle": "Frozen", "Sku": "20312253001_EA", "Regular Price": "None", "Sale Price": "4.00", "Image": "https://assets.shop.loblaws.ca/products/20312253001/b1/en/front/20312253001_front_a01_@2.png", "Brand": "President's Choice", "Url": "https://www.maxi.ca/butter-chicken/p/20312253001_EA", "Sub Category": null, "English Name": "Butter Chicken", "Size": "350 g", "Size Label": "ea"}, {"Category": "Meals, Entrees & Sides", "Aisle": "Frozen", "Sku": "20798866_EA", "Regular Price": "None", "Sale Price": "3.29", "Image": "https://assets.shop.loblaws.ca/products/20798866/b1/en/front/20798866_front_a01_@2.png", "Brand": "McCain", "Url": "https://www.maxi.ca/superfries-extra-crispy-spicy-straight-cut-fries/p/20798866_EA", "Sub Category": null, "English Name": "Superfries\u00ae Extra Crispy Spicy Straight Cut Fries", "Size": "650 g", "Size Label": "ea"}, {"Category": "Meals, Entrees & Sides", "Aisle": "Frozen", "Sku": "20799529_EA", "Regular Price": "None", "Sale Price": "3.29", "Image": "https://assets.shop.loblaws.ca/products/20799529/b1/en/front/20799529_front_a01_@2.png", "Brand": "McCain", "Url": "https://www.maxi.ca/superfries-straight-cut/p/20799529_EA", "Sub Category": null, "English Name": "Superfries\u00ae Straight Cut", "Size": "650 g", "Size Label": "ea"}, {"Category": "Meals, Entrees & Sides", "Aisle": "Frozen", "Sku": "20317707_EA", "Regular Price": "None", "Sale Price": "4.00", "Image": "https://assets.shop.loblaws.ca/products/20317707/b1/en/front/20317707_front_a01_@2.png", "Brand": "President's Choice", "Url": "https://www.maxi.ca/general-tao-chicken/p/20317707_EA", "Sub Category": null, "English Name": "General Tao Chicken", "Size": "350 g", "Size Label": "ea"}, {"Category": "Meals, Entrees & Sides", "Aisle": "Frozen", "Sku": "20729779_EA", "Regular Price": "None", "Sale Price": "3.49", "Image": "https://assets.shop.loblaws.ca/products/20729779/b1/en/front/20729779_front_a01_@2.png", "Brand": "CAVENDISH FARMS", "Url": "https://www.maxi.ca/flavour-crisp-classic-straight-cut-fries/p/20729779_EA", "Sub Category": null, "English Name": "Flavour Crisp Classic Straight Cut Fries", "Size": "750 g", "Size Label": "ea"}, {"Category": "Meals, Entrees & Sides", "Aisle": "Frozen", "Sku": "20798979_EA", "Regular Price": "None", "Sale Price": "5.49", "Image": "https://assets.shop.loblaws.ca/products/20798979/b1/en/front/20798979_front_a01_@2.png", "Brand": "McCain", "Url": "https://www.maxi.ca/bistro-selects-savoury-wedges/p/20798979_EA", "Sub Category": null, "English Name": "Bistro Selects\u2122 Savoury Wedges", "Size": "650 g", "Size Label": "ea"}, {"Category": "Meals, Entrees & Sides", "Aisle": "Frozen", "Sku": "20987543_EA", "Regular Price": "None", "Sale Price": "4.00", "Image": "https://assets.shop.loblaws.ca/products/20987543/b1/en/front/20987543_front_a01_@2.png", "Brand": "President's Choice", "Url": "https://www.maxi.ca/chicken-pad-thai/p/20987543_EA", "Sub Category": null, "English Name": "Chicken Pad Thai", "Size": "365 g", "Size Label": "ea"}, {"Category": "Meals, Entrees & Sides", "Aisle": "Frozen", "Sku": "21208788_EA", "Regular Price": "None", "Sale Price": "2.49", "Image": "https://assets.shop.loblaws.ca/products/21208788/b1/en/front/21208788_front_a01_@2.png", "Brand": "Michelina", "Url": "https://www.maxi.ca/fettuccine-alfredo/p/21208788_EA", "Sub Category": null, "English Name": "Fettuccine Alfredo", "Size": "284 g", "Size Label": "ea"}, {"Category": "Meals, Entrees & Sides", "Aisle": "Frozen", "Sku": "21208630_EA", "Regular Price": "None", "Sale Price": "2.49", "Image": "https://assets.shop.loblaws.ca/products/21208630/b1/en/front/21208630_front_a01_@2.png", "Brand": "Michelina", "Url": "https://www.maxi.ca/lasagna-alfredo-with-broccoli-and-cheese/p/21208630_EA", "Sub Category": null, "English Name": "Lasagna Alfredo with Broccoli and Cheese", "Size": "255 g", "Size Label": "ea"}, {"Category": "Meals, Entrees & Sides", "Aisle": "Frozen", "Sku": "20323762001_EA", "Regular Price": "None", "Sale Price": "4.99", "Image": "https://assets.shop.loblaws.ca/products/20323762001/b1/en/front/20323762001_front_a01_@2.png", "Brand": "No Name", "Url": "https://www.maxi.ca/potato-and-cheddar-perogies-club-size/p/20323762001_EA", "Sub Category": null, "English Name": "Potato and Cheddar Perogies, Club Size", "Size": "2 kg", "Size Label": "ea"}, {"Category": "Meals, Entrees & Sides", "Aisle": "Frozen", "Sku": "21208633_EA", "Regular Price": "None", "Sale Price": "2.49", "Image": "https://assets.shop.loblaws.ca/products/21208633/b1/en/front/21208633_front_a01_@2.png", "Brand": "Michelina", "Url": "https://www.maxi.ca/lasagna-with-meat-sauce/p/21208633_EA", "Sub Category": null, "English Name": "Lasagna with Meat Sauce", "Size": "255 g", "Size Label": "ea"}, {"Category": "Meals, Entrees & Sides", "Aisle": "Frozen", "Sku": "20326534_EA", "Regular Price": "None", "Sale Price": "9.99", "Image": "https://assets.shop.loblaws.ca/products/20326534/b1/en/front/20326534_front_a01_@2.png", "Brand": "President's Choice", "Url": "https://www.maxi.ca/meat-lasagna/p/20326534_EA", "Sub Category": null, "English Name": "Meat Lasagna", "Size": "1.13 kg", "Size Label": "ea"}, {"Category": "Meals, Entrees & Sides", "Aisle": "Frozen", "Sku": "21521219_EA", "Regular Price": "None", "Sale Price": "3.49", "Image": "https://assets.shop.loblaws.ca/products/21521219/b1/en/front/21521219_front_a01_@2.png", "Brand": "McCain", "Url": "https://www.maxi.ca/straight-cut-french-fries/p/21521219_EA", "Sub Category": null, "English Name": "Straight Cut French Fries", "Size": "800 g", "Size Label": "ea"}, {"Category": "Meals, Entrees & Sides", "Aisle": "Frozen", "Sku": "21094815_EA", "Regular Price": "None", "Sale Price": "3.49", "Image": "https://assets.shop.loblaws.ca/products/21094815/b1/en/front/21094815_front_a01_@2.png", "Brand": "CAVENDISH FARMS", "Url": "https://www.maxi.ca/restaurant-style-drive-thru-fries/p/21094815_EA", "Sub Category": null, "English Name": "Restaurant Style Drive Thru Fries", "Size": "750 g", "Size Label": "ea"}, {"Category": "Meals, Entrees & Sides", "Aisle": "Frozen", "Sku": "20811240_EA", "Regular Price": "None", "Sale Price": "2.99", "Image": "https://assets.shop.loblaws.ca/products/20811240/b1/en/front/20811240_front_a01_@2.png", "Brand": "No Name", "Url": "https://www.maxi.ca/perogies-potato-and-cheddar-flavour/p/20811240_EA", "Sub Category": null, "English Name": "Perogies, Potato and Cheddar Flavour", "Size": "907 g", "Size Label": "ea"}, {"Category": "Meals, Entrees & Sides", "Aisle": "Frozen", "Sku": "21208589_EA", "Regular Price": "None", "Sale Price": "2.49", "Image": "https://assets.shop.loblaws.ca/products/21208589/b1/en/front/21208589_front_a01_@2.png", "Brand": "Michelina", "Url": "https://www.maxi.ca/macaroni-and-beef/p/21208589_EA", "Sub Category": null, "English Name": "Macaroni and Beef", "Size": "255 g", "Size Label": "ea"}, {"Category": "Meals, Entrees & Sides", "Aisle": "Frozen", "Sku": "20795097_EA", "Regular Price": "None", "Sale Price": "4.00", "Image": "https://assets.shop.loblaws.ca/products/20795097/b1/en/front/20795097_front_a01_@2.png", "Brand": "President's Choice", "Url": "https://www.maxi.ca/beef-and-broccoli-meal/p/20795097_EA", "Sub Category": null, "English Name": "Beef and Broccoli Meal", "Size": "350 g", "Size Label": "ea"}, {"Category": "Meals, Entrees & Sides", "Aisle": "Frozen", "Sku": "20312253003_EA", "Regular Price": "None", "Sale Price": "4.00", "Image": "https://assets.shop.loblaws.ca/products/20312253003/b1/en/front/20312253003_front_a01_@2.png", "Brand": "President's Choice", "Url": "https://www.maxi.ca/chicken-korma/p/20312253003_EA", "Sub Category": null, "English Name": "Chicken Korma", "Size": "350 g", "Size Label": "ea"}, {"Category": "Meals, Entrees & Sides", "Aisle": "Frozen", "Sku": "20527369_EA", "Regular Price": "None", "Sale Price": "3.99", "Image": "https://assets.shop.loblaws.ca/products/20527369/b1/en/front/20527369_front_a01_@2.png", "Brand": "Cheemo", "Url": "https://www.maxi.ca/pre-cooked-perogies-potato-and-cheddar-cheese/p/20527369_EA", "Sub Category": null, "English Name": "Pre-Cooked Perogies, Potato and Cheddar Cheese", "Size": "907 g", "Size Label": "ea"}, {"Category": "Meals, Entrees & Sides", "Aisle": "Frozen", "Sku": "20134930_EA", "Regular Price": "None", "Sale Price": "14.99", "Image": "https://assets.shop.loblaws.ca/products/20134930/b1/en/front/20134930_front_a01_@2.png", "Brand": "President's Choice", "Url": "https://www.maxi.ca/meat-lasagna/p/20134930_EA", "Sub Category": null, "English Name": "Meat Lasagna", "Size": "2.27 kg", "Size Label": "ea"}, {"Category": "Meals, Entrees & Sides", "Aisle": "Frozen", "Sku": "21208674_EA", "Regular Price": "None", "Sale Price": "2.49", "Image": "https://assets.shop.loblaws.ca/products/21208674/b1/en/front/21208674_front_a01_@2.png", "Brand": "Michelina", "Url": "https://www.maxi.ca/spaghetti-bolognese/p/21208674_EA", "Sub Category": null, "English Name": "Spaghetti Bolognese", "Size": "255 g", "Size Label": "ea"}, {"Category": "Meals, Entrees & Sides", "Aisle": "Frozen", "Sku": "20527224_EA", "Regular Price": "None", "Sale Price": "7.29", "Image": "https://assets.shop.loblaws.ca/products/20527224/b1/en/front/20527224_front_a01_@2.png", "Brand": "Cheemo", "Url": "https://www.maxi.ca/perogies-cheddar-cheese/p/20527224_EA", "Sub Category": null, "English Name": "Perogies, Cheddar Cheese", "Size": "2 kg", "Size Label": "ea"}, {"Category": "Meals, Entrees & Sides", "Aisle": "Frozen", "Sku": "21367945_EA", "Regular Price": "None", "Sale Price": "2.49", "Image": "https://assets.shop.loblaws.ca/products/21367945/b1/en/front/21367945_front_a01_@2.png", "Brand": "Michelina", "Url": "https://www.maxi.ca/alfredo-chicken/p/21367945_EA", "Sub Category": null, "English Name": "Alfredo Chicken ", "Size": "227 g", "Size Label": "ea"}, {"Category": "Meals, Entrees & Sides", "Aisle": "Frozen", "Sku": "21433033_EA", "Regular Price": "None", "Sale Price": "2.50", "Image": "https://assets.shop.loblaws.ca/products/21433033/b1/en/front/21433033_front_a01_@2.png", "Brand": "Stouffers", "Url": "https://www.maxi.ca/bistro-flatbreads-4-cheese-grilled-chicken/p/21433033_EA", "Sub Category": null, "English Name": "Bistro Flatbreads, 4 Cheese Grilled Chicken", "Size": "184 g", "Size Label": "ea"}, {"Category": "Meals, Entrees & Sides", "Aisle": "Frozen", "Sku": "21041166_EA", "Regular Price": "4.50", "Sale Price": "3.99", "Image": "https://assets.shop.loblaws.ca/products/21041166/b1/en/front/21041166_front_a01_@2.png", "Brand": "Healthy Choice", "Url": "https://www.maxi.ca/sweet-n-sour-chicken/p/21041166_EA", "Sub Category": null, "English Name": "Sweet N Sour Chicken", "Size": "283 g", "Size Label": "ea"}, {"Category": "Meals, Entrees & Sides", "Aisle": "Frozen", "Sku": "21400506_EA", "Regular Price": "None", "Sale Price": "3.49", "Image": "https://assets.shop.loblaws.ca/products/21400506/b1/en/front/21400506_front_a01_@2.png", "Brand": "CAVENDISH FARMS", "Url": "https://www.maxi.ca/restaurant-style-waffle-fries/p/21400506_EA", "Sub Category": null, "English Name": "Restaurant Style Waffle Fries", "Size": "540 g", "Size Label": "ea"}, {"Category": "Meals, Entrees & Sides", "Aisle": "Frozen", "Sku": "20301001_EA", "Regular Price": "None", "Sale Price": "9.99", "Image": "https://assets.shop.loblaws.ca/products/20301001/b1/en/front/20301001_front_a01_@2.png", "Brand": "President's Choice", "Url": "https://www.maxi.ca/vegetable-lasagna/p/20301001_EA", "Sub Category": null, "English Name": "Vegetable Lasagna ", "Size": "1.13 kg", "Size Label": "ea"}, {"Category": "Meals, Entrees & Sides", "Aisle": "Frozen", "Sku": "20527159_EA", "Regular Price": "None", "Sale Price": "3.99", "Image": "https://assets.shop.loblaws.ca/products/20527159/b1/en/front/20527159_front_a01_@2.png", "Brand": "Cheemo", "Url": "https://www.maxi.ca/perogies-bacon-and-romano-cheese-flavour/p/20527159_EA", "Sub Category": null, "English Name": "Perogies, Bacon and Romano Cheese Flavour", "Size": "907 g", "Size Label": "ea"}, {"Category": "Meals, Entrees & Sides", "Aisle": "Frozen", "Sku": "20129604_EA", "Regular Price": "None", "Sale Price": "14.99", "Image": "https://assets.shop.loblaws.ca/products/20129604/b1/en/front/20129604_front_a01_@2.png", "Brand": "President's Choice", "Url": "https://www.maxi.ca/shepherd-s-pies/p/20129604_EA", "Sub Category": null, "English Name": "Shepherd's Pies", "Size": "900 g", "Size Label": "ea"}, {"Category": "Meals, Entrees & Sides", "Aisle": "Frozen", "Sku": "21360547_EA", "Regular Price": "None", "Sale Price": "4.99", "Image": "https://assets.shop.loblaws.ca/products/21360547/b1/en/front/21360547_front_a01_@2.png", "Brand": "Pause Poutine Time", "Url": "https://www.maxi.ca/poutine-classic/p/21360547_EA", "Sub Category": null, "English Name": "Poutine Classic", "Size": "285 g", "Size Label": "ea"}, {"Category": "Meals, Entrees & Sides", "Aisle": "Frozen", "Sku": "20827761_EA", "Regular Price": "9.49", "Sale Price": "8.49", "Image": "https://assets.shop.loblaws.ca/products/20827761/b1/en/front/20827761_front_a01_@2.png", "Brand": "CAVENDISH FARMS", "Url": "https://www.maxi.ca/restaurant-style-crispy-sweet-onion-rings/p/20827761_EA", "Sub Category": null, "English Name": "Restaurant Style Crispy Sweet Onion Rings", "Size": "1 kg", "Size Label": "ea"}, {"Category": "Meals, Entrees & Sides", "Aisle": "Frozen", "Sku": "21208637_EA", "Regular Price": "None", "Sale Price": "2.49", "Image": "https://assets.shop.loblaws.ca/products/21208637/b1/en/front/21208637_front_a01_@2.png", "Brand": "Michelina", "Url": "https://www.maxi.ca/rigatoni-pomodoro/p/21208637_EA", "Sub Category": null, "English Name": "Rigatoni Pomodoro", "Size": "255 g", "Size Label": "ea"}, {"Category": "Meals, Entrees & Sides", "Aisle": "Frozen", "Sku": "21359210_EA", "Regular Price": "None", "Sale Price": "12.99", "Image": "https://assets.shop.loblaws.ca/products/21359210/b1/en/front/21359210_front_a01_@2.png", "Brand": "President's Choice", "Url": "https://www.maxi.ca/butter-chicken/p/21359210_EA", "Sub Category": null, "English Name": "Butter Chicken", "Size": "907 g", "Size Label": "ea"}, {"Category": "Meals, Entrees & Sides", "Aisle": "Frozen", "Sku": "20142076_EA", "Regular Price": "None", "Sale Price": "7.29", "Image": "https://assets.shop.loblaws.ca/products/20142076/b1/en/front/20142076_front_a01_@2.png", "Brand": "Cheemo", "Url": "https://www.maxi.ca/perogies-variety-pack/p/20142076_EA", "Sub Category": null, "English Name": "Perogies, Variety Pack", "Size": "2 kg", "Size Label": "ea"}, {"Category": "Meals, Entrees & Sides", "Aisle": "Frozen", "Sku": "20318419001_EA", "Regular Price": "None", "Sale Price": "3.49", "Image": "https://assets.shop.loblaws.ca/products/20318419001/b1/en/front/20318419001_front_a01_@2.png", "Brand": "CAVENDISH FARMS", "Url": "https://www.maxi.ca/cavendish-farms-simply-homestyle-straight-cut-frie/p/20318419001_EA", "Sub Category": null, "English Name": "Cavendish Farms Simply Homestyle Straight Cut Fries (750 G)", "Size": "750 g", "Size Label": "ea"}, {"Category": "Meals, Entrees & Sides", "Aisle": "Frozen", "Sku": "20159140006_EA", "Regular Price": "None", "Sale Price": "3.99", "Image": "https://assets.shop.loblaws.ca/products/20159140006/b1/en/front/20159140006_front_a01_@2.png", "Brand": "Lean Cuisine", "Url": "https://www.maxi.ca/grilled-chicken-vegetables/p/20159140006_EA", "Sub Category": null, "English Name": "Grilled Chicken & Vegetables", "Size": "285 g", "Size Label": "ea"}, {"Category": "Meals, Entrees & Sides", "Aisle": "Frozen", "Sku": "20821936_EA", "Regular Price": "None", "Sale Price": "6.49", "Image": "https://assets.shop.loblaws.ca/products/20821936/b1/en/front/20821936_front_a01_@2.png", "Brand": "Gardein", "Url": "https://www.maxi.ca/crispy-chicken-slider/p/20821936_EA", "Sub Category": null, "English Name": "Crispy Chicken Slider", "Size": "320 g", "Size Label": "ea"}, {"Category": "Meals, Entrees & Sides", "Aisle": "Frozen", "Sku": "21495805_EA", "Regular Price": "None", "Sale Price": "5.00", "Image": "https://assets.shop.loblaws.ca/products/21495805/b1/en/front/21495805_front_a01_@2.png", "Brand": "T&T", "Url": "https://www.maxi.ca/chicken-vegetable-potstickers/p/21495805_EA", "Sub Category": null, "English Name": "Chicken & Vegetable Potstickers", "Size": "567 g", "Size Label": "ea"}, {"Category": "Meals, Entrees & Sides", "Aisle": "Frozen", "Sku": "20584955_EA", "Regular Price": "None", "Sale Price": "22.99", "Image": "https://assets.shop.loblaws.ca/products/20584955/b1/en/front/20584955_front_a01_@2.png", "Brand": "Plaisirs Gastronomiques", "Url": "https://www.maxi.ca/confit-dug-legs/p/20584955_EA", "Sub Category": null, "English Name": "Confit Dug Legs", "Size": "500 g", "Size Label": "ea"}, {"Category": "Meals, Entrees & Sides", "Aisle": "Frozen", "Sku": "20584955_EA", "Regular Price": "None", "Sale Price": "22.99", "Image": "https://assets.shop.loblaws.ca/products/20584955/b1/en/front/20584955_front_a01_@2.png", "Brand": "Plaisirs Gastronomiques", "Url": "https://www.maxi.ca/confit-dug-legs/p/20584955_EA", "Sub Category": null, "English Name": "Confit Dug Legs", "Size": "500 g", "Size Label": "ea"}, {"Category": "Meals, Entrees & Sides", "Aisle": "Frozen", "Sku": "21025858_EA", "Regular Price": "None", "Sale Price": "4.29", "Image": "https://assets.shop.loblaws.ca/products/21025858/b1/en/front/21025858_front_a01_@2.png", "Brand": "Villas", "Url": "https://www.maxi.ca/beef-ravioli/p/21025858_EA", "Sub Category": null, "English Name": "Beef Ravioli", "Size": "400 g", "Size Label": "ea"}, {"Category": "Meals, Entrees & Sides", "Aisle": "Frozen", "Sku": "20312253005_EA", "Regular Price": "None", "Sale Price": "4.00", "Image": "https://assets.shop.loblaws.ca/products/20312253005/b1/en/front/20312253005_front_a01_@2.png", "Brand": "President's Choice", "Url": "https://www.maxi.ca/red-curry-chicken/p/20312253005_EA", "Sub Category": null, "English Name": "Red Curry Chicken", "Size": "350 g", "Size Label": "ea"}, {"Category": "Meals, Entrees & Sides", "Aisle": "Frozen", "Sku": "20926821_EA", "Regular Price": "None", "Sale Price": "10.99", "Image": "https://assets.shop.loblaws.ca/products/20926821/b1/en/front/20926821_front_a01_@2.png", "Brand": "Plaisirs Gastronomiques", "Url": "https://www.maxi.ca/beef-chili/p/20926821_EA", "Sub Category": null, "English Name": "Beef Chili", "Size": "450 g", "Size Label": "ea"}, {"Category": "Meals, Entrees & Sides", "Aisle": "Frozen", "Sku": "21025861_EA", "Regular Price": "None", "Sale Price": "4.29", "Image": "https://assets.shop.loblaws.ca/products/21025861/b1/en/front/21025861_front_a01_@2.png", "Brand": "Villas", "Url": "https://www.maxi.ca/cheese-tortellini/p/21025861_EA", "Sub Category": null, "English Name": "Cheese Tortellini", "Size": "400 g", "Size Label": "ea"}, {"Category": "Meals, Entrees & Sides", "Aisle": "Frozen", "Sku": "20730291_EA", "Regular Price": "None", "Sale Price": "27.99", "Image": "https://assets.shop.loblaws.ca/products/20730291/b1/en/front/20730291_front_a01_@2.png", "Brand": "Plaisirs Gastronomiques", "Url": "https://www.maxi.ca/cassoulet/p/20730291_EA", "Sub Category": null, "English Name": "Cassoulet", "Size": "1 kg", "Size Label": "ea"}, {"Category": "Meals, Entrees & Sides", "Aisle": "Frozen", "Sku": "21238785_EA", "Regular Price": "None", "Sale Price": "2.50", "Image": "https://assets.shop.loblaws.ca/products/21238785/b1/en/front/21238785_front_a01_@2.png", "Brand": "Stouffers", "Url": "https://www.maxi.ca/diner-classics-swedish-meatballs/p/21238785_EA", "Sub Category": null, "English Name": "Diner Classics Swedish Meatballs", "Size": "270 g", "Size Label": "ea"}, {"Category": "Meals, Entrees & Sides", "Aisle": "Frozen", "Sku": "21237544_EA", "Regular Price": "None", "Sale Price": "5.29", "Image": "https://assets.shop.loblaws.ca/products/21237544/b1/en/front/21237544_front_a01_@2.png", "Brand": "Stouffers", "Url": "https://www.maxi.ca/diner-classics-salisbury-steak/p/21237544_EA", "Sub Category": null, "English Name": "Diner Classics Salisbury Steak", "Size": "282 g", "Size Label": "ea"}, {"Category": "Meals, Entrees & Sides", "Aisle": "Frozen", "Sku": "20961200_EA", "Regular Price": "None", "Sale Price": "3.49", "Image": "https://assets.shop.loblaws.ca/products/20961200/b1/en/front/20961200_front_a01_@2.png", "Brand": "Michelina", "Url": "https://www.maxi.ca/grande-lasagna-with-meat-sauce/p/20961200_EA", "Sub Category": null, "English Name": "Grande Lasagna with Meat Sauce", "Size": "454 g", "Size Label": "ea"}, {"Category": "Meals, Entrees & Sides", "Aisle": "Frozen", "Sku": "21361970_EA", "Regular Price": "3.99", "Sale Price": "2.50", "Image": "https://assets.shop.loblaws.ca/products/21361970/b1/en/front/21361970_front_a01_@2.png", "Brand": "Lean Cuisine", "Url": "https://www.maxi.ca/selections-balsamic-chicken-frozen-entr-e/p/21361970_EA", "Sub Category": null, "English Name": "Selections Balsamic Chicken Frozen Entr\u00e9e", "Size": "217 g", "Size Label": "ea"}, {"Category": "Meals, Entrees & Sides", "Aisle": "Frozen", "Sku": "21364316_EA", "Regular Price": "None", "Sale Price": "12.99", "Image": "https://assets.shop.loblaws.ca/products/21364316/b1/en/front/21364316_front_a01_@2.png", "Brand": "President's Choice", "Url": "https://www.maxi.ca/eggplant-parmesan/p/21364316_EA", "Sub Category": null, "English Name": "Eggplant Parmesan", "Size": "907 g", "Size Label": "ea"}, {"Category": "Meals, Entrees & Sides", "Aisle": "Frozen", "Sku": "21352207_EA", "Regular Price": "None", "Sale Price": "4.99", "Image": "https://assets.shop.loblaws.ca/products/21352207/b1/en/front/21352207_front_a01_@2.png", "Brand": "Crave", "Url": "https://www.maxi.ca/pesto-ravioli-with-spicy-italian-sausage/p/21352207_EA", "Sub Category": null, "English Name": "Pesto Ravioli with Spicy Italian Sausage", "Size": "340 g", "Size Label": "ea"}, {"Category": "Meals, Entrees & Sides", "Aisle": "Frozen", "Sku": "21553329_EA", "Regular Price": "None", "Sale Price": "5.29", "Image": "https://assets.shop.loblaws.ca/products/21553329/b1/en/front/21553329_front_a01_@2.png", "Brand": "Kraft", "Url": "https://www.maxi.ca/kd-deluxe-creamy-cheddar-macaroni-cheese-frozen-di/p/21553329_EA", "Sub Category": null, "English Name": "KD Deluxe Creamy Cheddar Macaroni & Cheese Frozen Dinner", "Size": "340 g", "Size Label": "ea"}, {"Category": "Meals, Entrees & Sides", "Aisle": "Frozen", "Sku": "21524774_EA", "Regular Price": "None", "Sale Price": "12.99", "Image": "https://assets.shop.loblaws.ca/products/21524774/b1/en/front/21524774_front_a01_@2.png", "Brand": "President's Choice", "Url": "https://www.maxi.ca/chicken-parm-radiatori-pasta-bake/p/21524774_EA", "Sub Category": null, "English Name": "Chicken Parm Radiatori Pasta Bake", "Size": "1 kg", "Size Label": "ea"}, {"Category": "Meals, Entrees & Sides", "Aisle": "Frozen", "Sku": "21241225_EA", "Regular Price": "None", "Sale Price": "5.99", "Image": "https://assets.shop.loblaws.ca/products/21241225/b1/en/front/21241225_front_a01_@2.png", "Brand": "Baton Rouge", "Url": "https://www.maxi.ca/louisiana-fries/p/21241225_EA", "Sub Category": null, "English Name": "Louisiana Fries", "Size": "750 g", "Size Label": "ea"}, {"Category": "Meals, Entrees & Sides", "Aisle": "Frozen", "Sku": "20162067_EA", "Regular Price": "None", "Sale Price": "6.99", "Image": "https://assets.shop.loblaws.ca/products/20162067/b1/en/front/20162067_front_a01_@2.png", "Brand": "Wong Wing", "Url": "https://www.maxi.ca/general-tao-chicken/p/20162067_EA", "Sub Category": null, "English Name": "General Tao Chicken", "Size": "400 g", "Size Label": "ea"}, {"Category": "Meals, Entrees & Sides", "Aisle": "Frozen", "Sku": "21178593_EA", "Regular Price": "None", "Sale Price": "14.99", "Image": "https://assets.shop.loblaws.ca/products/21178593/b1/en/front/21178593_front_a01_@2.png", "Brand": "President's Choice", "Url": "https://www.maxi.ca/extra-cheesy-mac-cheese-club-size/p/21178593_EA", "Sub Category": null, "English Name": "Extra Cheesy, Mac & Cheese, Club Size", "Size": "2 kg", "Size Label": "ea"}, {"Category": "Meals, Entrees & Sides", "Aisle": "Frozen", "Sku": "20740920_EA", "Regular Price": "None", "Sale Price": "10.99", "Image": "https://assets.shop.loblaws.ca/products/20740920/b1/en/front/20740920_front_a01_@2.png", "Brand": "Plaisirs Gastronomiques", "Url": "https://www.maxi.ca/barbecue-pulled-pork/p/20740920_EA", "Sub Category": null, "English Name": "Barbecue Pulled Pork", "Size": "400 g", "Size Label": "ea"}, {"Category": "Meals, Entrees & Sides", "Aisle": "Frozen", "Sku": "21208580_EA", "Regular Price": "None", "Sale Price": "2.49", "Image": "https://assets.shop.loblaws.ca/products/21208580/b1/en/front/21208580_front_a01_@2.png", "Brand": "Michelina", "Url": "https://www.maxi.ca/chicken-fried-rice/p/21208580_EA", "Sub Category": null, "English Name": "Chicken Fried Rice", "Size": "255 g", "Size Label": "ea"}, {"Category": "Meals, Entrees & Sides", "Aisle": "Frozen", "Sku": "20318616005_EA", "Regular Price": "4.50", "Sale Price": "3.99", "Image": "https://assets.shop.loblaws.ca/products/20318616005/b1/en/front/20318616005_front_a01_@2.png", "Brand": "Healthy Choice", "Url": "https://www.maxi.ca/gourmet-steamers-grilled-chicken-marinara/p/20318616005_EA", "Sub Category": null, "English Name": "Gourmet Steamers, Grilled Chicken Marinara", "Size": "283 g", "Size Label": "ea"}, {"Category": "Meals, Entrees & Sides", "Aisle": "Frozen", "Sku": "20719298_EA", "Regular Price": "None", "Sale Price": "8.99", "Image": "https://assets.shop.loblaws.ca/products/20719298/b1/en/front/20719298_front_a01_@2.png", "Brand": "St Hubert", "Url": "https://www.maxi.ca/chicken-pot-pie/p/20719298_EA", "Sub Category": null, "English Name": "Chicken Pot Pie", "Size": "800 g", "Size Label": "ea"}, {"Category": "Meals, Entrees & Sides", "Aisle": "Frozen", "Sku": "21361174_EA", "Regular Price": "None", "Sale Price": "5.99", "Image": "https://assets.shop.loblaws.ca/products/21361174/b1/en/front/21361174_front_a01_@2.png", "Brand": "Stouffers", "Url": "https://www.maxi.ca/bowl-fulls-cheesy-meatball-marinara/p/21361174_EA", "Sub Category": null, "English Name": "Bowl Fulls Cheesy Meatball Marinara", "Size": "305 g", "Size Label": "ea"}, {"Category": "Meals, Entrees & Sides", "Aisle": "Frozen", "Sku": "21495823_EA", "Regular Price": "None", "Sale Price": "5.00", "Image": "https://assets.shop.loblaws.ca/products/21495823/b1/en/front/21495823_front_a01_@2.png", "Brand": "T&T", "Url": "https://www.maxi.ca/pork-and-vegetable-potstickers/p/21495823_EA", "Sub Category": null, "English Name": "Pork and Vegetable Potstickers", "Size": "567 g", "Size Label": "ea"}, {"Category": "Meals, Entrees & Sides", "Aisle": "Frozen", "Sku": "21107094_EA", "Regular Price": "None", "Sale Price": "10.99", "Image": "https://assets.shop.loblaws.ca/products/21107094/b1/en/front/21107094_front_a01_@2.png", "Brand": "Plaisirs Gastronomiques", "Url": "https://www.maxi.ca/nantes-carrots/p/21107094_EA", "Sub Category": null, "English Name": "Nantes Carrots", "Size": "450 g", "Size Label": "ea"}, {"Category": "Meals, Entrees & Sides", "Aisle": "Frozen", "Sku": "21447361_EA", "Regular Price": "None", "Sale Price": "5.79", "Image": "https://assets.shop.loblaws.ca/products/21447361/b1/en/front/21447361_front_a01_@2.png", "Brand": "President's Choice", "Url": "https://www.maxi.ca/ready-veggie-tots-cauliflower/p/21447361_EA", "Sub Category": null, "English Name": "Ready Veggie Tots, Cauliflower", "Size": "400 g", "Size Label": "ea"}, {"Category": "Meals, Entrees & Sides", "Aisle": "Frozen", "Sku": "21235429_EA", "Regular Price": "None", "Sale Price": "5.29", "Image": "https://assets.shop.loblaws.ca/products/21235429/b1/en/front/21235429_front_a01_@2.png", "Brand": "Stouffers", "Url": "https://www.maxi.ca/diner-classics-fried-chicken-breast/p/21235429_EA", "Sub Category": null, "English Name": "Diner Classics Fried Chicken Breast", "Size": "251 g", "Size Label": "ea"}, {"Category": "Meals, Entrees & Sides", "Aisle": "Frozen", "Sku": "21432987_EA", "Regular Price": "None", "Sale Price": "5.29", "Image": "https://assets.shop.loblaws.ca/products/21432987/b1/en/front/21432987_front_a01_@2.png", "Brand": "Stouffers", "Url": "https://www.maxi.ca/bistro-flatbreads-meatball-marinara/p/21432987_EA", "Sub Category": null, "English Name": "Bistro Flatbreads, Meatball Marinara", "Size": "187 g", "Size Label": "ea"}, {"Category": "Meals, Entrees & Sides", "Aisle": "Frozen", "Sku": "21406553_EA", "Regular Price": "None", "Sale Price": "2.99", "Image": "https://assets.shop.loblaws.ca/products/21406553/b1/en/front/21406553_front_a01_@2.png", "Brand": "No Name", "Url": "https://www.maxi.ca/potatoes-sour-cream-chives-perogies/p/21406553_EA", "Sub Category": null, "English Name": "Potatoes, Sour Cream & Chives Perogies", "Size": "907 g", "Size Label": "ea"}, {"Category": "Meals, Entrees & Sides", "Aisle": "Frozen", "Sku": "20159140008_EA", "Regular Price": "3.99", "Sale Price": "2.50", "Image": "https://assets.shop.loblaws.ca/products/20159140008/b1/en/front/20159140008_front_a01_@2.png", "Brand": "Lean Cuisine", "Url": "https://www.maxi.ca/chicken-fettuccine/p/20159140008_EA", "Sub Category": null, "English Name": "Chicken Fettuccine", "Size": "237 g", "Size Label": "ea"}, {"Category": "Meals, Entrees & Sides", "Aisle": "Frozen", "Sku": "20077553001_EA", "Regular Price": "None", "Sale Price": "4.49", "Image": "https://assets.shop.loblaws.ca/products/20077553001/b1/en/front/20077553001_front_a01_@2.png", "Brand": "Swanson", "Url": "https://www.maxi.ca/fried-chicken/p/20077553001_EA", "Sub Category": null, "English Name": "Fried Chicken", "Size": "280 g", "Size Label": "ea"}, {"Category": "Meals, Entrees & Sides", "Aisle": "Frozen", "Sku": "20077553002_EA", "Regular Price": "None", "Sale Price": "4.49", "Image": "https://assets.shop.loblaws.ca/products/20077553002/b1/en/front/20077553002_front_a01_@2.png", "Brand": "Swanson", "Url": "https://www.maxi.ca/hungryman-salisbury-steak/p/20077553002_EA", "Sub Category": null, "English Name": "Hungryman Salisbury Steak", "Size": "345 g", "Size Label": "ea"}, {"Category": "Meals, Entrees & Sides", "Aisle": "Frozen", "Sku": "21521626_EA", "Regular Price": "7.99", "Sale Price": "2.50", "Image": "https://assets.shop.loblaws.ca/products/21521626/b1/en/front/21521626_front_a01_@2.png", "Brand": "Stouffers", "Url": "https://www.maxi.ca/nacho-chicken-loaded-potatoes-bowl-high-in-protein/p/21521626_EA", "Sub Category": null, "English Name": "Nacho Chicken Loaded Potatoes Bowl, High in Protein", "Size": "300 g", "Size Label": "ea"}, {"Category": "Meals, Entrees & Sides", "Aisle": "Frozen", "Sku": "21361672_EA", "Regular Price": "None", "Sale Price": "2.50", "Image": "https://assets.shop.loblaws.ca/products/21361672/b1/en/front/21361672_front_a01_@2.png", "Brand": "Stouffers", "Url": "https://www.maxi.ca/bowl-fulls-mac-and-cheese-with-bacon/p/21361672_EA", "Sub Category": null, "English Name": "Bowl Fulls Mac and Cheese with Bacon", "Size": "305 g", "Size Label": "ea"}, {"Category": "Meals, Entrees & Sides", "Aisle": "Frozen", "Sku": "20287397001_EA", "Regular Price": "None", "Sale Price": "3.49", "Image": "https://assets.shop.loblaws.ca/products/20287397001/b1/en/front/20287397001_front_a01_@2.png", "Brand": "CAVENDISH FARMS", "Url": "https://www.maxi.ca/original-hash-brown-patties/p/20287397001_EA", "Sub Category": null, "English Name": "Original Hash Brown Patties", "Size": "600 g", "Size Label": "ea"}, {"Category": "Meals, Entrees & Sides", "Aisle": "Frozen", "Sku": "20099795_EA", "Regular Price": "None", "Sale Price": "10.99", "Image": "https://assets.shop.loblaws.ca/products/20099795/b1/en/front/20099795_front_a01_@2.png", "Brand": "No Name", "Url": "https://www.maxi.ca/meat-lasagna/p/20099795_EA", "Sub Category": null, "English Name": "Meat Lasagna", "Size": "2.27 kg", "Size Label": "ea"}, {"Category": "Meals, Entrees & Sides", "Aisle": "Frozen", "Sku": "21355638_EA", "Regular Price": "None", "Sale Price": "4.99", "Image": "https://assets.shop.loblaws.ca/products/21355638/b1/en/front/21355638_front_a01_@2.png", "Brand": "Crave", "Url": "https://www.maxi.ca/all-day-breakfast-double-sausage-and-bacon-loaded/p/21355638_EA", "Sub Category": null, "English Name": "All Day Breakfast Double Sausage and Bacon Loaded Tots", "Size": "255 g", "Size Label": "ea"}, {"Category": "Meals, Entrees & Sides", "Aisle": "Frozen", "Sku": "21194654_EA", "Regular Price": "None", "Sale Price": "6.29", "Image": "https://assets.shop.loblaws.ca/products/21194654/b1/en/front/21194654_front_a01_@2.png", "Brand": "Mikes", "Url": "https://www.maxi.ca/bolognese-lasagna/p/21194654_EA", "Sub Category": null, "English Name": "Bolognese Lasagna     ", "Size": "275 g", "Size Label": "ea"}, {"Category": "Meals, Entrees & Sides", "Aisle": "Frozen", "Sku": "21380595_EA", "Regular Price": "None", "Sale Price": "5.49", "Image": "https://assets.shop.loblaws.ca/products/21380595/b1/en/front/21380595_front_a01_@2.png", "Brand": "McCain", "Url": "https://www.maxi.ca/savoury-homefries/p/21380595_EA", "Sub Category": null, "English Name": "Savoury Homefries", "Size": "650 g", "Size Label": "ea"}, {"Category": "Meals, Entrees & Sides", "Aisle": "Frozen", "Sku": "20159140002_EA", "Regular Price": "3.99", "Sale Price": "2.50", "Image": "https://assets.shop.loblaws.ca/products/20159140002/b1/en/front/20159140002_front_a01_@2.png", "Brand": "Lean Cuisine", "Url": "https://www.maxi.ca/selections-meat-lasagna/p/20159140002_EA", "Sub Category": null, "English Name": "Selections, Meat Lasagna", "Size": "274 g", "Size Label": "ea"}, {"Category": "Meals, Entrees & Sides", "Aisle": "Frozen", "Sku": "20296014004_EA", "Regular Price": "5.49", "Sale Price": "3.99", "Image": "https://assets.shop.loblaws.ca/products/20296014004/b1/en/front/20296014004_front_a01_@2.png", "Brand": "Hungry-Man", "Url": "https://www.maxi.ca/fried-chicken/p/20296014004_EA", "Sub Category": null, "English Name": "Fried Chicken ", "Size": "360 g", "Size Label": "ea"}, {"Category": "Meals, Entrees & Sides", "Aisle": "Frozen", "Sku": "21495779_EA", "Regular Price": "None", "Sale Price": "5.00", "Image": "https://assets.shop.loblaws.ca/products/21495779/b1/en/front/21495779_front_a01_@2.png", "Brand": "T&T", "Url": "https://www.maxi.ca/pork-leek-potstickers/p/21495779_EA", "Sub Category": null, "English Name": "Pork & Leek Potstickers", "Size": "567 g", "Size Label": "ea"}, {"Category": "Meals, Entrees & Sides", "Aisle": "Frozen", "Sku": "20730216_EA", "Regular Price": "None", "Sale Price": "18.99", "Image": "https://assets.shop.loblaws.ca/products/20730216/b1/en/front/20730216_front_a01_@2.png", "Brand": "Plaisirs Gastronomiques", "Url": "https://www.maxi.ca/osso-bucco-pork/p/20730216_EA", "Sub Category": null, "English Name": "Osso Bucco Pork", "Size": "700 g", "Size Label": "ea"}, {"Category": "Meals, Entrees & Sides", "Aisle": "Frozen", "Sku": "20584243_EA", "Regular Price": "None", "Sale Price": "29.99", "Image": "https://assets.shop.loblaws.ca/products/20584243/b1/en/front/20584243_front_a01_@2.png", "Brand": "Plaisirs Gastronomiques", "Url": "https://www.maxi.ca/half-duck-confit/p/20584243_EA", "Sub Category": null, "English Name": "Half Duck Confit", "Size": "1 kg", "Size Label": "ea"}, {"Category": "Meals, Entrees & Sides", "Aisle": "Frozen", "Sku": "21107099_EA", "Regular Price": "None", "Sale Price": "10.99", "Image": "https://assets.shop.loblaws.ca/products/21107099/b1/en/front/21107099_front_a01_@2.png", "Brand": "Plaisirs Gastronomiques", "Url": "https://www.maxi.ca/french-beans/p/21107099_EA", "Sub Category": null, "English Name": "French Beans", "Size": "450 g", "Size Label": "ea"}, {"Category": "Meals, Entrees & Sides", "Aisle": "Frozen", "Sku": "21025860_EA", "Regular Price": "None", "Sale Price": "4.29", "Image": "https://assets.shop.loblaws.ca/products/21025860/b1/en/front/21025860_front_a01_@2.png", "Brand": "Villas", "Url": "https://www.maxi.ca/beef-tortellini/p/21025860_EA", "Sub Category": null, "English Name": "Beef Tortellini", "Size": "400 g", "Size Label": "ea"}, {"Category": "Meals, Entrees & Sides", "Aisle": "Frozen", "Sku": "20926826_EA", "Regular Price": "None", "Sale Price": "10.99", "Image": "https://assets.shop.loblaws.ca/products/20926826/b1/en/front/20926826_front_a01_@2.png", "Brand": "Plaisirs Gastronomiques", "Url": "https://www.maxi.ca/butter-chicken/p/20926826_EA", "Sub Category": null, "English Name": "Butter Chicken", "Size": "420 g", "Size Label": "ea"}, {"Category": "Meals, Entrees & Sides", "Aisle": "Frozen", "Sku": "21432998_EA", "Regular Price": "None", "Sale Price": "2.50", "Image": "https://assets.shop.loblaws.ca/products/21432998/b1/en/front/21432998_front_a01_@2.png", "Brand": "Stouffers", "Url": "https://www.maxi.ca/bistro-flatbreads-ham-and-double-cheese/p/21432998_EA", "Sub Category": null, "English Name": "Bistro Flatbreads, Ham and Double Cheese", "Size": "184 g", "Size Label": "ea"}, {"Category": "Meals, Entrees & Sides", "Aisle": "Frozen", "Sku": "20674220_EA", "Regular Price": "None", "Sale Price": "14.99", "Image": "https://assets.shop.loblaws.ca/products/20674220/b1/en/front/20674220_front_a01_@2.png", "Brand": "Plaisirs Gastronomiques", "Url": "https://www.maxi.ca/braised-pork-shank-with-rib-sauce/p/20674220_EA", "Sub Category": null, "English Name": "Braised Pork Shank with rib sauce", "Size": "950 g", "Size Label": "ea"}, {"Category": "Meals, Entrees & Sides", "Aisle": "Frozen", "Sku": "20506437_EA", "Regular Price": "None", "Sale Price": "6.99", "Image": "https://assets.shop.loblaws.ca/products/20506437/b1/en/front/20506437_front_a01_@2.png", "Brand": "Wong Wing", "Url": "https://www.maxi.ca/lemon-chicken/p/20506437_EA", "Sub Category": null, "English Name": "Lemon Chicken", "Size": "400 g", "Size Label": "ea"}, {"Category": "Meals, Entrees & Sides", "Aisle": "Frozen", "Sku": "21432998_EA", "Regular Price": "None", "Sale Price": "2.50", "Image": "https://assets.shop.loblaws.ca/products/21432998/b1/en/front/21432998_front_a01_@2.png", "Brand": "Stouffers", "Url": "https://www.maxi.ca/bistro-flatbreads-ham-and-double-cheese/p/21432998_EA", "Sub Category": null, "English Name": "Bistro Flatbreads, Ham and Double Cheese", "Size": "184 g", "Size Label": "ea"}, {"Category": "Meals, Entrees & Sides", "Aisle": "Frozen", "Sku": "21553457_EA", "Regular Price": "None", "Sale Price": "4.99", "Image": "https://assets.shop.loblaws.ca/products/21553457/b1/en/front/21553457_front_a01_@2.png", "Brand": "Crave", "Url": "https://www.maxi.ca/meat-potatoes-smokehouse-style/p/21553457_EA", "Sub Category": null, "English Name": "Meat & Potatoes, Smokehouse Style", "Size": "278x278.0 g", "Size Label": "ea"}, {"Category": "Meals, Entrees & Sides", "Aisle": "Frozen", "Sku": "20319958_EA", "Regular Price": "None", "Sale Price": "12.99", "Image": "https://assets.shop.loblaws.ca/products/20319958/b1/en/front/20319958_front_a01_@2.png", "Brand": "President's Choice", "Url": "https://www.maxi.ca/seafood-lasagna/p/20319958_EA", "Sub Category": null, "English Name": "Seafood Lasagna", "Size": "1.13 kg", "Size Label": "ea"}, {"Category": "Meals, Entrees & Sides", "Aisle": "Frozen", "Sku": "20296014002_EA", "Regular Price": "5.49", "Sale Price": "3.99", "Image": "https://assets.shop.loblaws.ca/products/20296014002/b1/en/front/20296014002_front_a01_@2.png", "Brand": "Hungry-Man", "Url": "https://www.maxi.ca/salisbury-steak/p/20296014002_EA", "Sub Category": null, "English Name": "Salisbury Steak ", "Size": "455 g", "Size Label": "ea"}, {"Category": "Meals, Entrees & Sides", "Aisle": "Frozen", "Sku": "21361972_EA", "Regular Price": "None", "Sale Price": "2.50", "Image": "https://assets.shop.loblaws.ca/products/21361972/b1/en/front/21361972_front_a01_@2.png", "Brand": "Stouffers", "Url": "https://www.maxi.ca/diner-classics-beef-stroganoff/p/21361972_EA", "Sub Category": null, "English Name": "Diner Classics Beef Stroganoff", "Size": "245 g", "Size Label": "ea"}, {"Category": "Meals, Entrees & Sides", "Aisle": "Frozen", "Sku": "21025840_EA", "Regular Price": "None", "Sale Price": "4.29", "Image": "https://assets.shop.loblaws.ca/products/21025840/b1/en/front/21025840_front_a01_@2.png", "Brand": "Villas", "Url": "https://www.maxi.ca/3-cheese-ravioli/p/21025840_EA", "Sub Category": null, "English Name": "3 Cheese Ravioli", "Size": "400 g", "Size Label": "ea"}, {"Category": "Meals, Entrees & Sides", "Aisle": "Frozen", "Sku": "21080261_EA", "Regular Price": "None", "Sale Price": "2.50", "Image": "https://assets.shop.loblaws.ca/products/21080261/b1/en/front/21080261_front_a01_@2.png", "Brand": "Stouffers", "Url": "https://www.maxi.ca/fit-bowls-teriyaki-chicken-bowl/p/21080261_EA", "Sub Category": null, "English Name": "Fit Bowls, Teriyaki Chicken Bowl", "Size": "340 g", "Size Label": "ea"}, {"Category": "Meals, Entrees & Sides", "Aisle": "Frozen", "Sku": "21433001_EA", "Regular Price": "None", "Sale Price": "2.50", "Image": "https://assets.shop.loblaws.ca/products/21433001/b1/en/front/21433001_front_a01_@2.png", "Brand": "Stouffers", "Url": "https://www.maxi.ca/bistro-flatbreads-chicken-fajita/p/21433001_EA", "Sub Category": null, "English Name": "Bistro Flatbreads, Chicken Fajita", "Size": "187 g", "Size Label": "ea"}, {"Category": "Meals, Entrees & Sides", "Aisle": "Frozen", "Sku": "21169823_EA", "Regular Price": "None", "Sale Price": "6.79", "Image": "https://assets.shop.loblaws.ca/products/21169823/b1/en/front/21169823_front_a01_@2.png", "Brand": "Marie Callender's", "Url": "https://www.maxi.ca/tender-ginger-beef-broccoli-bowl/p/21169823_EA", "Sub Category": null, "English Name": "Tender Ginger Beef & Broccoli Bowl", "Size": "335 g", "Size Label": "ea"}, {"Category": "Meals, Entrees & Sides", "Aisle": "Frozen", "Sku": "20527641_EA", "Regular Price": "None", "Sale Price": "3.99", "Image": "https://assets.shop.loblaws.ca/products/20527641/b1/en/front/20527641_front_a01_@2.png", "Brand": "Cheemo", "Url": "https://www.maxi.ca/perogies-three-cheese/p/20527641_EA", "Sub Category": null, "English Name": "Perogies, Three Cheese", "Size": "907 g", "Size Label": "ea"}, {"Category": "Meals, Entrees & Sides", "Aisle": "Frozen", "Sku": "21220983_EA", "Regular Price": "None", "Sale Price": "12.49", "Image": "https://assets.shop.loblaws.ca/products/21220983/b1/en/front/21220983_front_a01_@2.png", "Brand": "Swanson", "Url": "https://www.maxi.ca/skillet-chicken/p/21220983_EA", "Sub Category": null, "English Name": "Skillet Chicken", "Size": "1.19 kg", "Size Label": "ea"}, {"Category": "Meals, Entrees & Sides", "Aisle": "Frozen", "Sku": "20296014007_EA", "Regular Price": "5.49", "Sale Price": "3.99", "Image": "https://assets.shop.loblaws.ca/products/20296014007/b1/en/front/20296014007_front_a01_@2.png", "Brand": "Hungry-Man", "Url": "https://www.maxi.ca/beef-steakette-grilled/p/20296014007_EA", "Sub Category": null, "English Name": "Beef Steakette Grilled", "Size": "425 g", "Size Label": "ea"}, {"Category": "Meals, Entrees & Sides", "Aisle": "Frozen", "Sku": "20320219_EA", "Regular Price": "None", "Sale Price": "14.99", "Image": "https://assets.shop.loblaws.ca/products/20320219/b1/en/front/20320219_front_a01_@2.png", "Brand": "President's Choice", "Url": "https://www.maxi.ca/vegetable-lasagna/p/20320219_EA", "Sub Category": null, "English Name": "Vegetable Lasagna", "Size": "2.27 kg", "Size Label": "ea"}, {"Category": "Meals, Entrees & Sides", "Aisle": "Frozen", "Sku": "21023447_EA", "Regular Price": "None", "Sale Price": "8.99", "Image": "https://assets.shop.loblaws.ca/products/21023447/b1/en/front/21023447_front_a01_@2.png", "Brand": "St Hubert", "Url": "https://www.maxi.ca/braised-beef-pie/p/21023447_EA", "Sub Category": null, "English Name": "Braised Beef Pie", "Size": "760 g", "Size Label": "ea"}, {"Category": "Meals, Entrees & Sides", "Aisle": "Frozen", "Sku": "20507139_EA", "Regular Price": "None", "Sale Price": "6.99", "Image": "https://assets.shop.loblaws.ca/products/20507139/b1/en/front/20507139_front_a01_@2.png", "Brand": "Wong Wing", "Url": "https://www.maxi.ca/honey-garlic-pork/p/20507139_EA", "Sub Category": null, "English Name": "Honey Garlic Pork", "Size": "400 g", "Size Label": "ea"}, {"Category": "Meals, Entrees & Sides", "Aisle": "Frozen", "Sku": "20719334_EA", "Regular Price": "None", "Sale Price": "8.99", "Image": "https://assets.shop.loblaws.ca/products/20719334/b1/en/front/20719334_front_a01_@2.png", "Brand": "St Hubert", "Url": "https://www.maxi.ca/tourti-re/p/20719334_EA", "Sub Category": null, "English Name": "Tourti\u00e8re ", "Size": "800 g", "Size Label": "ea"}, {"Category": "Meals, Entrees & Sides", "Aisle": "Frozen", "Sku": "20507138_EA", "Regular Price": "None", "Sale Price": "6.99", "Image": "https://assets.shop.loblaws.ca/products/20507138/b1/en/front/20507138_front_a01_@2.png", "Brand": "Wong Wing", "Url": "https://www.maxi.ca/chicken-chow-mein/p/20507138_EA", "Sub Category": null, "English Name": "Chicken Chow Mein", "Size": "400 g", "Size Label": "ea"}, {"Category": "Meals, Entrees & Sides", "Aisle": "Frozen", "Sku": "21239289_EA", "Regular Price": "None", "Sale Price": "4.99", "Image": "https://assets.shop.loblaws.ca/products/21239289/b1/en/front/21239289_front_a01_@2.png", "Brand": "Crave", "Url": "https://www.maxi.ca/creamy-cajun-alfredo-with-chicken-sausage-frozen-m/p/21239289_EA", "Sub Category": null, "English Name": "Creamy Cajun Alfredo with Chicken & Sausage Frozen Meal", "Size": "300 g", "Size Label": "ea"}, {"Category": "Meals, Entrees & Sides", "Aisle": "Frozen", "Sku": "20003749_EA", "Regular Price": "14.99", "Sale Price": "10.99", "Image": "https://assets.shop.loblaws.ca/products/20003749/b1/en/front/20003749_front_a01_@2.png", "Brand": "President's Choice", "Url": "https://www.maxi.ca/shepherd-s-pie/p/20003749_EA", "Sub Category": null, "English Name": "Shepherd's Pie", "Size": "900 g", "Size Label": "ea"}, {"Category": "Meals, Entrees & Sides", "Aisle": "Frozen", "Sku": "21041002_EA", "Regular Price": "4.50", "Sale Price": "3.99", "Image": "https://assets.shop.loblaws.ca/products/21041002/b1/en/front/21041002_front_a01_@2.png", "Brand": "Healthy Choice", "Url": "https://www.maxi.ca/chicken-teriyaki/p/21041002_EA", "Sub Category": null, "English Name": "Chicken Teriyaki", "Size": "283 g", "Size Label": "ea"}, {"Category": "Meals, Entrees & Sides", "Aisle": "Frozen", "Sku": "20719335_EA", "Regular Price": "None", "Sale Price": "8.99", "Image": "https://assets.shop.loblaws.ca/products/20719335/b1/en/front/20719335_front_a01_@2.png", "Brand": "St Hubert", "Url": "https://www.maxi.ca/chicken-and-broccoli-gratin/p/20719335_EA", "Sub Category": null, "English Name": "Chicken and Broccoli Gratin", "Size": "715 g", "Size Label": "ea"}, {"Category": "Meals, Entrees & Sides", "Aisle": "Frozen", "Sku": "20962093_EA", "Regular Price": "None", "Sale Price": "3.49", "Image": "https://assets.shop.loblaws.ca/products/20962093/b1/en/front/20962093_front_a01_@2.png", "Brand": "CAVENDISH FARMS", "Url": "https://www.maxi.ca/fries-extra-thin-gourmet/p/20962093_EA", "Sub Category": null, "English Name": "Fries Extra Thin Gourmet", "Size": "750 g", "Size Label": "ea"}, {"Category": "Meals, Entrees & Sides", "Aisle": "Frozen", "Sku": "20296014005_EA", "Regular Price": "5.49", "Sale Price": "3.99", "Image": "https://assets.shop.loblaws.ca/products/20296014005/b1/en/front/20296014005_front_a01_@2.png", "Brand": "Hungry-Man", "Url": "https://www.maxi.ca/backyard-barbeque/p/20296014005_EA", "Sub Category": null, "English Name": "Backyard Barbeque", "Size": "455 g", "Size Label": "ea"}, {"Category": "Meals, Entrees & Sides", "Aisle": "Frozen", "Sku": "21004538_EA", "Regular Price": "None", "Sale Price": "12.49", "Image": "https://assets.shop.loblaws.ca/products/21004538/b1/en/front/21004538_front_a01_@2.png", "Brand": "Swanson", "Url": "https://www.maxi.ca/chicken-stir-fry-skillet-meals/p/21004538_EA", "Sub Category": null, "English Name": "Chicken Stir Fry Skillet Meals", "Size": "1.19 kg", "Size Label": "ea"}, {"Category": "Meals, Entrees & Sides", "Aisle": "Frozen", "Sku": "21530401_EA", "Regular Price": "3.99", "Sale Price": "3.49", "Image": "https://assets.shop.loblaws.ca/products/21530401/b1/en/front/21530401_front_a01_@2.png", "Brand": "Michelina", "Url": "https://www.maxi.ca/grande-spicy-chicken-alfredo/p/21530401_EA", "Sub Category": null, "English Name": "Grande Spicy Chicken Alfredo", "Size": "454 g", "Size Label": "ea"}, {"Category": "Meals, Entrees & Sides", "Aisle": "Frozen", "Sku": "20318616004_EA", "Regular Price": "4.50", "Sale Price": "3.99", "Image": "https://assets.shop.loblaws.ca/products/20318616004/b1/en/front/20318616004_front_a01_@2.png", "Brand": "Healthy Choice", "Url": "https://www.maxi.ca/gourmet-steamers-grilled-balsamic-chicken/p/20318616004_EA", "Sub Category": null, "English Name": "Gourmet Steamers, Grilled Balsamic Chicken", "Size": "284 g", "Size Label": "ea"}, {"Category": "Meals, Entrees & Sides", "Aisle": "Frozen", "Sku": "21552618_EA", "Regular Price": "None", "Sale Price": "5.29", "Image": "https://assets.shop.loblaws.ca/products/21552618/b1/en/front/21552618_front_a01_@2.png", "Brand": "Kraft", "Url": "https://www.maxi.ca/kd-deluxe-four-cheese-macaroni-cheese-frozen-dinne/p/21552618_EA", "Sub Category": null, "English Name": "KD Deluxe Four Cheese Macaroni & Cheese Frozen Dinner", "Size": "340 g", "Size Label": "ea"}, {"Category": "Meals, Entrees & Sides", "Aisle": "Frozen", "Sku": "21085515_EA", "Regular Price": "None", "Sale Price": "4.99", "Image": "https://assets.shop.loblaws.ca/products/21085515/b1/en/front/21085515_front_a01_@2.png", "Brand": "Crave", "Url": "https://www.maxi.ca/white-cheddar-mac-cheese-with-bacon-frozen-meal/p/21085515_EA", "Sub Category": null, "English Name": "White Cheddar Mac & Cheese with Bacon Frozen Meal", "Size": "300 g", "Size Label": "ea"}, {"Category": "Meals, Entrees & Sides", "Aisle": "Frozen", "Sku": "20318616007_EA", "Regular Price": "4.50", "Sale Price": "3.99", "Image": "https://assets.shop.loblaws.ca/products/20318616007/b1/en/front/20318616007_front_a01_@2.png", "Brand": "Healthy Choice", "Url": "https://www.maxi.ca/gourmet-steamers-grilled-chicken-red-pepper-alfred/p/20318616007_EA", "Sub Category": null, "English Name": "Gourmet Steamers, Grilled Chicken Red Pepper Alfredo", "Size": "292 g", "Size Label": "ea"}, {"Category": "Meals, Entrees & Sides", "Aisle": "Frozen", "Sku": "20636824_EA", "Regular Price": "None", "Sale Price": "6.00", "Image": "https://assets.shop.loblaws.ca/products/20636824/b1/en/front/20636824_front_a01_@2.png", "Brand": "No Name", "Url": "https://www.maxi.ca/meat-lasagna/p/20636824_EA", "Sub Category": null, "English Name": "Meat Lasagna", "Size": "1 kg", "Size Label": "ea"}, {"Category": "Meals, Entrees & Sides", "Aisle": "Frozen", "Sku": "21529587_EA", "Regular Price": "None", "Sale Price": "11.99", "Image": "https://assets.shop.loblaws.ca/products/21529587/b1/en/front/21529587_front_a01_@2.png", "Brand": "Lous", "Url": "https://www.maxi.ca/quick-n-easy-beef-pork-meatloaf-with-barbeque-sauc/p/21529587_EA", "Sub Category": null, "English Name": "Quick-N-Easy Beef & Pork Meatloaf With Barbeque Sauce", "Size": "700 g", "Size Label": "ea"}, {"Category": "Meals, Entrees & Sides", "Aisle": "Frozen", "Sku": "20077553003_EA", "Regular Price": "None", "Sale Price": "4.49", "Image": "https://assets.shop.loblaws.ca/products/20077553003/b1/en/front/20077553003_front_a01_@2.png", "Brand": "Swanson", "Url": "https://www.maxi.ca/turkey/p/20077553003_EA", "Sub Category": null, "English Name": "Turkey", "Size": "338 g", "Size Label": "ea"}, {"Category": "Meals, Entrees & Sides", "Aisle": "Frozen", "Sku": "20077553004_EA", "Regular Price": "None", "Sale Price": "4.49", "Image": "https://assets.shop.loblaws.ca/products/20077553004/b1/en/front/20077553004_front_a01_@2.png", "Brand": "Swanson", "Url": "https://www.maxi.ca/rib-style-boneless-pork/p/20077553004_EA", "Sub Category": null, "English Name": "Rib Style Boneless Pork", "Size": "298 g", "Size Label": "ea"}, {"Category": "Meals, Entrees & Sides", "Aisle": "Frozen", "Sku": "21285884_EA", "Regular Price": "None", "Sale Price": "5.49", "Image": "https://assets.shop.loblaws.ca/products/21285884/b1/en/front/21285884_front_a01_@2.png", "Brand": "McCain", "Url": "https://www.maxi.ca/bistro-selects-super-crisps-straight-cut-french-fr/p/21285884_EA", "Sub Category": null, "English Name": "Bistro Selects\u2122 Super Crisps\u00ae Straight Cut French Fries", "Size": "650 g", "Size Label": "ea"}, {"Category": "Meals, Entrees & Sides", "Aisle": "Frozen", "Sku": "20902059_EA", "Regular Price": "None", "Sale Price": "8.99", "Image": "https://assets.shop.loblaws.ca/products/20902059/b1/en/front/20902059_front_a01_@2.png", "Brand": "St Hubert", "Url": "https://www.maxi.ca/hot-chicken-pot-pie/p/20902059_EA", "Sub Category": null, "English Name": "Hot Chicken Pot Pie", "Size": "825 g", "Size Label": "ea"}, {"Category": "Meals, Entrees & Sides", "Aisle": "Frozen", "Sku": "21080242_EA", "Regular Price": "None", "Sale Price": "5.99", "Image": "https://assets.shop.loblaws.ca/products/21080242/b1/en/front/21080242_front_a01_@2.png", "Brand": "Stouffers", "Url": "https://www.maxi.ca/fit-bowls-chicken-with-roasted-cashew-bowl/p/21080242_EA", "Sub Category": null, "English Name": "Fit Bowls, Chicken with Roasted Cashew Bowl", "Size": "340 g", "Size Label": "ea"}, {"Category": "Meals, Entrees & Sides", "Aisle": "Frozen", "Sku": "21080255_EA", "Regular Price": "None", "Sale Price": "2.50", "Image": "https://assets.shop.loblaws.ca/products/21080255/b1/en/front/21080255_front_a01_@2.png", "Brand": "Stouffers", "Url": "https://www.maxi.ca/fit-bowls-prime-rib-steak-fajita-bowl/p/21080255_EA", "Sub Category": null, "English Name": "Fit Bowls, Prime Rib Steak Fajita Bowl", "Size": "340 g", "Size Label": "ea"}, {"Category": "Meals, Entrees & Sides", "Aisle": "Frozen", "Sku": "21432974_EA", "Regular Price": "None", "Sale Price": "5.99", "Image": "https://assets.shop.loblaws.ca/products/21432974/b1/en/front/21432974_front_a01_@2.png", "Brand": "Stouffers", "Url": "https://www.maxi.ca/bowlfulls-chicken-bacon-ranch/p/21432974_EA", "Sub Category": null, "English Name": "BowlFULLs, Chicken Bacon Ranch", "Size": "305 g", "Size Label": "ea"}, {"Category": "Meals, Entrees & Sides", "Aisle": "Frozen", "Sku": "21432964_EA", "Regular Price": "None", "Sale Price": "3.99", "Image": "https://assets.shop.loblaws.ca/products/21432964/b1/en/front/21432964_front_a01_@2.png", "Brand": "Stouffers", "Url": "https://www.maxi.ca/bistro-crustini-bacon-egg-and-cheese/p/21432964_EA", "Sub Category": null, "English Name": "Bistro Crustini, Bacon, Egg and Cheese", "Size": "240 g", "Size Label": "ea"}, {"Category": "Meals, Entrees & Sides", "Aisle": "Frozen", "Sku": "21361627_EA", "Regular Price": "None", "Sale Price": "5.99", "Image": "https://assets.shop.loblaws.ca/products/21361627/b1/en/front/21361627_front_a01_@2.png", "Brand": "Stouffers", "Url": "https://www.maxi.ca/bowl-fulls-buffalo-ranch-fried-chicken/p/21361627_EA", "Sub Category": null, "English Name": "Bowl Fulls Buffalo Ranch Fried Chicken", "Size": "305 g", "Size Label": "ea"}, {"Category": "Meals, Entrees & Sides", "Aisle": "Frozen", "Sku": "21432973_EA", "Regular Price": "None", "Sale Price": "2.50", "Image": "https://assets.shop.loblaws.ca/products/21432973/b1/en/front/21432973_front_a01_@2.png", "Brand": "Stouffers", "Url": "https://www.maxi.ca/bistro-crustini-sausage-egg-and-cheese/p/21432973_EA", "Sub Category": null, "English Name": "Bistro Crustini, Sausage, Egg and Cheese", "Size": "240 g", "Size Label": "ea"}, {"Category": "Meals, Entrees & Sides", "Aisle": "Frozen", "Sku": "21219527_EA", "Regular Price": "None", "Sale Price": "6.79", "Image": "https://assets.shop.loblaws.ca/products/21219527/b1/en/front/21219527_front_a01_@2.png", "Brand": "Hungry-Man", "Url": "https://www.maxi.ca/xl-buffalo-style-chicken-mac-n-cheese/p/21219527_EA", "Sub Category": null, "English Name": "XL Buffalo-Style Chicken Mac \u2018n Cheese", "Size": "397 g", "Size Label": "ea"}, {"Category": "Meals, Entrees & Sides", "Aisle": "Frozen", "Sku": "21237474_EA", "Regular Price": "None", "Sale Price": "5.99", "Image": "https://assets.shop.loblaws.ca/products/21237474/b1/en/front/21237474_front_a01_@2.png", "Brand": "Stouffers", "Url": "https://www.maxi.ca/chicken-parmesan-with-tomatoes-bowl/p/21237474_EA", "Sub Category": null, "English Name": "Chicken Parmesan With Tomatoes Bowl", "Size": "320 g", "Size Label": "ea"}, {"Category": "Bakery & Breakfast ", "Aisle": "Frozen", "Sku": "20302779_EA", "Regular Price": "4.29", "Sale Price": "3.49", "Image": "https://assets.shop.loblaws.ca/products/20302779/b1/en/front/20302779_front_a01_@2.png", "Brand": "Kelloggs", "Url": "https://www.maxi.ca/eggo-original-waffles-8-waffles/p/20302779_EA", "Sub Category": null, "English Name": "Eggo Original Waffles, 8 waffles", "Size": "280 g", "Size Label": "ea"}, {"Category": "Bakery & Breakfast ", "Aisle": "Frozen", "Sku": "21525020_EA", "Regular Price": "None", "Sale Price": "3.49", "Image": "https://assets.shop.loblaws.ca/products/21525020/b1/en/front/21525020_front_a01_@2.png", "Brand": "McCain", "Url": "https://www.maxi.ca/diced-hashbrowns/p/21525020_EA", "Sub Category": null, "English Name": "Diced Hashbrowns", "Size": "800 g", "Size Label": "ea"}, {"Category": "Bakery & Breakfast ", "Aisle": "Frozen", "Sku": "20323436001_EA", "Regular Price": "4.29", "Sale Price": "3.49", "Image": "https://assets.shop.loblaws.ca/products/20323436001/b1/en/front/20323436001_front_a01_@2.png", "Brand": "Kelloggs", "Url": "https://www.maxi.ca/eggo-waffles-blueberry-flavour/p/20323436001_EA", "Sub Category": null, "English Name": "Eggo Waffles Blueberry Flavour", "Size": "280 g", "Size Label": "ea"}, {"Category": "Bakery & Breakfast ", "Aisle": "Frozen", "Sku": "20323436002_EA", "Regular Price": "4.29", "Sale Price": "3.49", "Image": "https://assets.shop.loblaws.ca/products/20323436002/b1/en/front/20323436002_front_a01_@2.png", "Brand": "Kelloggs", "Url": "https://www.maxi.ca/eggo-waffles-chocolatey-chip/p/20323436002_EA", "Sub Category": null, "English Name": "Eggo Waffles, Chocolatey Chip", "Size": "280 g", "Size Label": "ea"}, {"Category": "Bakery & Breakfast ", "Aisle": "Frozen", "Sku": "20099730004_EA", "Regular Price": "None", "Sale Price": "7.49", "Image": "https://assets.shop.loblaws.ca/products/20099730004/b1/en/front/20099730004_front_a01_@2.png", "Brand": "Kelloggs", "Url": "https://www.maxi.ca/eggo-original-waffles-16-waffles/p/20099730004_EA", "Sub Category": null, "English Name": "Eggo Original Waffles, 16 waffles", "Size": "560 g", "Size Label": "ea"}, {"Category": "Bakery & Breakfast ", "Aisle": "Frozen", "Sku": "20316375001_EA", "Regular Price": "None", "Sale Price": "2.99", "Image": "https://assets.shop.loblaws.ca/products/20316375001/b1/en/front/20316375001_front_a01_@2.png", "Brand": "No Name", "Url": "https://www.maxi.ca/original-waffles/p/20316375001_EA", "Sub Category": null, "English Name": "Original Waffles ", "Size": "280 g", "Size Label": "ea"}, {"Category": "Bakery & Breakfast ", "Aisle": "Frozen", "Sku": "20180368001_EA", "Regular Price": "None", "Sale Price": "4.49", "Image": "https://assets.shop.loblaws.ca/products/20180368001/b1/en/front/20180368001_front_a01_@2.png", "Brand": "No Name", "Url": "https://www.maxi.ca/original-waffles/p/20180368001_EA", "Sub Category": null, "English Name": "Original Waffles ", "Size": "560 g", "Size Label": "ea"}, {"Category": "Bakery & Breakfast ", "Aisle": "Frozen", "Sku": "20172664001_EA", "Regular Price": "None", "Sale Price": "4.29", "Image": "https://assets.shop.loblaws.ca/products/20172664001/b1/en/front/20172664001_front_a01_@2.png", "Brand": "Pillsbury", "Url": "https://www.maxi.ca/pastries-strawberry-breakfast-snacks-6-ct/p/20172664001_EA", "Sub Category": null, "English Name": "Pastries, Strawberry, Breakfast Snacks, 6 ct", "Size": "326 g", "Size Label": "ea"}, {"Category": "Bakery & Breakfast ", "Aisle": "Frozen", "Sku": "20316375002_EA", "Regular Price": "None", "Sale Price": "2.99", "Image": "https://assets.shop.loblaws.ca/products/20316375002/b1/en/front/20316375002_front_a01_@2.png", "Brand": "No Name", "Url": "https://www.maxi.ca/blueberry-waffles/p/20316375002_EA", "Sub Category": null, "English Name": "Blueberry Waffles", "Size": "280 g", "Size Label": "ea"}, {"Category": "Bakery & Breakfast ", "Aisle": "Frozen", "Sku": "20316375005_EA", "Regular Price": "None", "Sale Price": "2.99", "Image": "https://assets.shop.loblaws.ca/products/20316375005/b1/en/front/20316375005_front_a01_@2.png", "Brand": "No Name", "Url": "https://www.maxi.ca/chocolate-chips-waffles/p/20316375005_EA", "Sub Category": null, "English Name": "Chocolate Chips Waffles", "Size": "280 g", "Size Label": "ea"}, {"Category": "Bakery & Breakfast ", "Aisle": "Frozen", "Sku": "21511747_EA", "Regular Price": "None", "Sale Price": "4.69", "Image": "https://assets.shop.loblaws.ca/products/21511747/b1/en/front/21511747_front_a01_@2.png", "Brand": "Kelloggs", "Url": "https://www.maxi.ca/thick-fluffy-waffles-original/p/21511747_EA", "Sub Category": null, "English Name": "Thick & Fluffy Waffles Original", "Size": "330 g", "Size Label": "ea"}, {"Category": "Bakery & Breakfast ", "Aisle": "Frozen", "Sku": "20172664004_EA", "Regular Price": "None", "Sale Price": "4.29", "Image": "https://assets.shop.loblaws.ca/products/20172664004/b1/en/front/20172664004_front_a01_@2.png", "Brand": "Pillsbury", "Url": "https://www.maxi.ca/toaster-strudel-wildberry-flavour/p/20172664004_EA", "Sub Category": null, "English Name": "Toaster Strudel Wildberry Flavour", "Size": "326 g", "Size Label": "ea"}, {"Category": "Bakery & Breakfast ", "Aisle": "Frozen", "Sku": "20585460_EA", "Regular Price": "None", "Sale Price": "2.59", "Image": "https://assets.shop.loblaws.ca/products/20585460/b1/en/front/20585460_front_a01_@2.png", "Brand": "Furlani", "Url": "https://www.maxi.ca/ready-bake-garlic-bread/p/20585460_EA", "Sub Category": null, "English Name": "Ready Bake Garlic Bread", "Size": "284 g", "Size Label": "ea"}, {"Category": "Bakery & Breakfast ", "Aisle": "Frozen", "Sku": "21285878_EA", "Regular Price": "None", "Sale Price": "5.49", "Image": "https://assets.shop.loblaws.ca/products/21285878/b1/en/front/21285878_front_a01_@2.png", "Brand": "McCain", "Url": "https://www.maxi.ca/9-minute-no-flip-potato-patties/p/21285878_EA", "Sub Category": null, "English Name": "9 Minute No Flip Potato Patties", "Size": "600 g", "Size Label": "ea"}, {"Category": "Bakery & Breakfast ", "Aisle": "Frozen", "Sku": "20322093001_EA", "Regular Price": "None", "Sale Price": "11.99", "Image": "https://assets.shop.loblaws.ca/products/20322093001/b1/en/front/20322093001_front_a01_@2.png", "Brand": "No Name", "Url": "https://www.maxi.ca/original-waffles/p/20322093001_EA", "Sub Category": null, "English Name": "Original Waffles", "Size": "1680 g", "Size Label": "ea"}, {"Category": "Bakery & Breakfast ", "Aisle": "Frozen", "Sku": "20659132_EA", "Regular Price": "None", "Sale Price": "4.99", "Image": "https://assets.shop.loblaws.ca/products/20659132/b1/en/front/20659132_front_a01_@2.png", "Brand": "ACE", "Url": "https://www.maxi.ca/frozen-white-demi-baguette/p/20659132_EA", "Sub Category": null, "English Name": "Frozen White Demi Baguette", "Size": "400 g", "Size Label": "ea"}, {"Category": "Bakery & Breakfast ", "Aisle": "Frozen", "Sku": "20180368002_EA", "Regular Price": "None", "Sale Price": "4.49", "Image": "https://assets.shop.loblaws.ca/products/20180368002/b1/en/front/20180368002_front_a01_@2.png", "Brand": "No Name", "Url": "https://www.maxi.ca/blueberry-waffles/p/20180368002_EA", "Sub Category": null, "English Name": "Blueberry Waffles", "Size": "560 g", "Size Label": "ea"}, {"Category": "Bakery & Breakfast ", "Aisle": "Frozen", "Sku": "21100057_EA", "Regular Price": "None", "Sale Price": "7.49", "Image": "https://assets.shop.loblaws.ca/products/21100057/b1/en/front/21100057_front_a01_@2.png", "Brand": "Little Northern Bakehouse", "Url": "https://www.maxi.ca/delicious-gluten-free-loaf-white-wide-slice/p/21100057_EA", "Sub Category": null, "English Name": "Delicious Gluten Free Loaf White Wide Slice", "Size": "567 g", "Size Label": "ea"}, {"Category": "Bakery & Breakfast ", "Aisle": "Frozen", "Sku": "21455650_EA", "Regular Price": "None", "Sale Price": "3.29", "Image": "https://assets.shop.loblaws.ca/products/21455650/b1/en/front/21455650_front_a01_@2.png", "Brand": "McCain", "Url": "https://www.maxi.ca/9-minute-no-flip-onion-potato-patties/p/21455650_EA", "Sub Category": null, "English Name": "9 Minute No Flip Onion & Potato Patties", "Size": "600 g", "Size Label": "ea"}, {"Category": "Bakery & Breakfast ", "Aisle": "Frozen", "Sku": "21479273_EA", "Regular Price": "None", "Sale Price": "3.49", "Image": "https://assets.shop.loblaws.ca/products/21479273/b1/en/front/21479273_front_a01_@2.png", "Brand": "CAVENDISH FARMS", "Url": "https://www.maxi.ca/all-day-breakfast-mini-quick-cook-patties/p/21479273_EA", "Sub Category": null, "English Name": "All-Day Breakfast Mini Quick Cook Patties", "Size": "625 g", "Size Label": "ea"}, {"Category": "Bakery & Breakfast ", "Aisle": "Frozen", "Sku": "21047070_EA", "Regular Price": "5.29", "Sale Price": "4.99", "Image": "https://assets.shop.loblaws.ca/products/21047070/b1/en/front/21047070_front_a01_@2.png", "Brand": "Silver Hills", "Url": "https://www.maxi.ca/organic-multigrain-sprouted-bread/p/21047070_EA", "Sub Category": null, "English Name": "Organic Multigrain Sprouted Bread", "Size": "680 g", "Size Label": "ea"}, {"Category": "Bakery & Breakfast ", "Aisle": "Frozen", "Sku": "20935056_EA", "Regular Price": "None", "Sale Price": "7.49", "Image": "https://assets.shop.loblaws.ca/products/20935056/b1/en/front/20935056_front_a01_@2.png", "Brand": "Little Northern Bakehouse", "Url": "https://www.maxi.ca/seeds-grains-bread/p/20935056_EA", "Sub Category": null, "English Name": "Seeds & Grains Bread", "Size": "482 g", "Size Label": "ea"}, {"Category": "Bakery & Breakfast ", "Aisle": "Frozen", "Sku": "20025468_EA", "Regular Price": "None", "Sale Price": "1.00", "Image": "https://assets.shop.loblaws.ca/products/20025468/b1/en/front/20025468_front_a01_@2.png", "Brand": "President's Choice", "Url": "https://www.maxi.ca/yorkshire-pudding/p/20025468_EA", "Sub Category": null, "English Name": "Yorkshire Pudding", "Size": "185 g", "Size Label": "ea"}, {"Category": "Bakery & Breakfast ", "Aisle": "Frozen", "Sku": "21403071_EA", "Regular Price": "None", "Sale Price": "6.50", "Image": "https://assets.shop.loblaws.ca/products/21403071/b1/en/front/21403071_front_a01_@2.png", "Brand": null, "Url": "https://www.maxi.ca/saguenay-lac-saint-jean-wild-blueberry-pie/p/21403071_EA", "Sub Category": null, "English Name": "Saguenay-Lac-Saint-Jean Wild Blueberry Pie", "Size": "650 g", "Size Label": "ea"}, {"Category": "Bakery & Breakfast ", "Aisle": "Frozen", "Sku": "20025743_EA", "Regular Price": "None", "Sale Price": "4.49", "Image": "https://assets.shop.loblaws.ca/products/20025743/b1/en/front/20025743_front_a01_@2.png", "Brand": "Aliments", "Url": "https://www.maxi.ca/pizza-dough-ball/p/20025743_EA", "Sub Category": null, "English Name": "Pizza Dough Ball", "Size": "900 g", "Size Label": "ea"}, {"Category": "Bakery & Breakfast ", "Aisle": "Frozen", "Sku": "21406052_EA", "Regular Price": "None", "Sale Price": "9.29", "Image": "https://assets.shop.loblaws.ca/products/21406052/b1/en/front/21406052_front_a01_@2.png", "Brand": "The Mad Bakers", "Url": "https://www.maxi.ca/half-baguettes/p/21406052_EA", "Sub Category": null, "English Name": "Half Baguettes", "Size": "1440 g", "Size Label": "ea"}, {"Category": "Bakery & Breakfast ", "Aisle": "Frozen", "Sku": "21311564_EA", "Regular Price": "None", "Sale Price": "9.99", "Image": "https://assets.shop.loblaws.ca/products/21311564/b1/en/front/21311564_front_a01_@2.png", "Brand": "President's Choice", "Url": "https://www.maxi.ca/free-from-pork-breakfast-patties/p/21311564_EA", "Sub Category": null, "English Name": "Free From Pork Breakfast Patties", "Size": "375 g", "Size Label": "ea"}, {"Category": "Bakery & Breakfast ", "Aisle": "Frozen", "Sku": "21545122_EA", "Regular Price": "None", "Sale Price": "5.99", "Image": "https://assets.shop.loblaws.ca/products/21545122/b1/en/front/21545122_front_a01_@2.png", "Brand": "President's Choice", "Url": "https://www.maxi.ca/all-butter-raspberry-filled-croissants/p/21545122_EA", "Sub Category": null, "English Name": "All-Butter Raspberry-Filled Croissants ", "Size": "360 g", "Size Label": "ea"}, {"Category": "Bakery & Breakfast ", "Aisle": "Frozen", "Sku": "21345865_EA", "Regular Price": "None", "Sale Price": "6.79", "Image": "https://assets.shop.loblaws.ca/products/21345865/b1/en/front/21345865_front_a01_@2.png", "Brand": "Bridor", "Url": "https://www.maxi.ca/mini-chocolatines-all-butter/p/21345865_EA", "Sub Category": null, "English Name": "Mini Chocolatines All Butter", "Size": "450 g", "Size Label": "ea"}, {"Category": "Bakery & Breakfast ", "Aisle": "Frozen", "Sku": "21477823_EA", "Regular Price": "None", "Sale Price": "5.99", "Image": "https://assets.shop.loblaws.ca/products/21477823/b1/en/front/21477823_front_a01_@2.png", "Brand": "McCain", "Url": "https://www.maxi.ca/5-minute-potato-egg-bacon-breakfast-bowl/p/21477823_EA", "Sub Category": null, "English Name": "5 Minute Potato, Egg & Bacon Breakfast Bowl", "Size": "200 g", "Size Label": "ea"}, {"Category": "Bakery & Breakfast ", "Aisle": "Frozen", "Sku": "21474512_EA", "Regular Price": "None", "Sale Price": "4.29", "Image": "https://assets.shop.loblaws.ca/products/21474512/b1/en/front/21474512_front_a01_@2.png", "Brand": "Pillsbury", "Url": "https://www.maxi.ca/toaster-scrambles-egg-cheese/p/21474512_EA", "Sub Category": null, "English Name": "Toaster Scrambles Egg & Cheese", "Size": "204 g", "Size Label": "ea"}, {"Category": "Bakery & Breakfast ", "Aisle": "Frozen", "Sku": "21100346_EA", "Regular Price": "5.29", "Sale Price": "4.99", "Image": "https://assets.shop.loblaws.ca/products/21100346/b1/en/front/21100346_front_a01_@2.png", "Brand": "Silver Hills", "Url": "https://www.maxi.ca/sprouted-power-bagels-sesame-sunflower-organic-5-b/p/21100346_EA", "Sub Category": null, "English Name": "Sprouted Power Bagels Sesame Sunflower Organic 5 Bagels", "Size": "400 g", "Size Label": "ea"}, {"Category": "Bakery & Breakfast ", "Aisle": "Frozen", "Sku": "21345866_EA", "Regular Price": "None", "Sale Price": "6.79", "Image": "https://assets.shop.loblaws.ca/products/21345866/b1/en/front/21345866_front_a01_@2.png", "Brand": "Bridor", "Url": "https://www.maxi.ca/mini-butter-croissants/p/21345866_EA", "Sub Category": null, "English Name": "Mini Butter Croissants", "Size": "425 g", "Size Label": "ea"}, {"Category": "Bakery & Breakfast ", "Aisle": "Frozen", "Sku": "21545111_EA", "Regular Price": "None", "Sale Price": "5.99", "Image": "https://assets.shop.loblaws.ca/products/21545111/b1/en/front/21545111_front_a01_@2.png", "Brand": "President's Choice", "Url": "https://www.maxi.ca/all-butter-croissants/p/21545111_EA", "Sub Category": null, "English Name": "All-Butter Croissants", "Size": "312 g", "Size Label": "ea"}, {"Category": "Frozen Pizza", "Aisle": "Frozen", "Sku": "21531415_EA", "Regular Price": "None", "Sale Price": "7.99", "Image": "https://assets.shop.loblaws.ca/products/21531415/b1/en/front/21531415_front_a01_@2.png", "Brand": "PC Black Label", "Url": "https://www.maxi.ca/margherita-pizza/p/21531415_EA", "Sub Category": null, "English Name": "Margherita Pizza", "Size": "420 g", "Size Label": "ea"}, {"Category": "Frozen Pizza", "Aisle": "Frozen", "Sku": "21531410_EA", "Regular Price": "None", "Sale Price": "7.99", "Image": "https://assets.shop.loblaws.ca/products/21531410/b1/en/front/21531410_front_a01_@2.png", "Brand": "PC Black Label", "Url": "https://www.maxi.ca/diavola-pizza/p/21531410_EA", "Sub Category": null, "English Name": "Diavola Pizza", "Size": "420 g", "Size Label": "ea"}, {"Category": "Frozen Pizza", "Aisle": "Frozen", "Sku": "21013452_EA", "Regular Price": "None", "Sale Price": "4.99", "Image": "https://assets.shop.loblaws.ca/products/21013452/b1/en/front/21013452_front_a01_@2.png", "Brand": "President's Choice", "Url": "https://www.maxi.ca/chicken-bacon-and-caramelized-onion-flatbread/p/21013452_EA", "Sub Category": null, "English Name": "Chicken, Bacon and Caramelized Onion Flatbread", "Size": "340 g", "Size Label": "ea"}, {"Category": "Frozen Pizza", "Aisle": "Frozen", "Sku": "21531412_EA", "Regular Price": "None", "Sale Price": "7.99", "Image": "https://assets.shop.loblaws.ca/products/21531412/b1/en/front/21531412_front_a01_@2.png", "Brand": "PC Black Label", "Url": "https://www.maxi.ca/funghi-pizza/p/21531412_EA", "Sub Category": null, "English Name": " Funghi Pizza", "Size": "370 g", "Size Label": "ea"}, {"Category": "Frozen Pizza", "Aisle": "Frozen", "Sku": "21013450_EA", "Regular Price": "None", "Sale Price": "4.99", "Image": "https://assets.shop.loblaws.ca/products/21013450/b1/en/front/21013450_front_a01_@2.png", "Brand": "President's Choice", "Url": "https://www.maxi.ca/cherry-tomato-and-arugula-flatbread/p/21013450_EA", "Sub Category": null, "English Name": "Cherry Tomato and Arugula Flatbread", "Size": "350 g", "Size Label": "ea"}, {"Category": "Frozen Pizza", "Aisle": "Frozen", "Sku": "21102725_EA", "Regular Price": "None", "Sale Price": "4.99", "Image": "https://assets.shop.loblaws.ca/products/21102725/b1/en/front/21102725_front_a01_@2.png", "Brand": "President's Choice", "Url": "https://www.maxi.ca/hawaiian-thin-and-crispy-pizza/p/21102725_EA", "Sub Category": null, "English Name": "Hawaiian Thin and Crispy Pizza", "Size": "380 g", "Size Label": "ea"}, {"Category": "Frozen Pizza", "Aisle": "Frozen", "Sku": "20971479_EA", "Regular Price": "None", "Sale Price": "4.99", "Image": "https://assets.shop.loblaws.ca/products/20971479/b1/en/front/20971479_front_a01_@2.png", "Brand": "President's Choice", "Url": "https://www.maxi.ca/spinach-thin-and-crispy-pizza/p/20971479_EA", "Sub Category": null, "English Name": "Spinach Thin and Crispy Pizza", "Size": "397 g", "Size Label": "ea"}, {"Category": "Frozen Pizza", "Aisle": "Frozen", "Sku": "21471809_EA", "Regular Price": "None", "Sale Price": "4.99", "Image": "https://assets.shop.loblaws.ca/products/21471809/b1/en/front/21471809_front_a01_@2.png", "Brand": "President's Choice", "Url": "https://www.maxi.ca/bacon-and-onion-focaccia/p/21471809_EA", "Sub Category": null, "English Name": "Bacon and Onion Focaccia", "Size": "455 g", "Size Label": "ea"}, {"Category": "Frozen Pizza", "Aisle": "Frozen", "Sku": "20296100001_EA", "Regular Price": "None", "Sale Price": "4.99", "Image": "https://assets.shop.loblaws.ca/products/20296100001/b1/en/front/20296100001_front_a01_@2.png", "Brand": "Dr Oetker", "Url": "https://www.maxi.ca/ristorante-thin-crust-spinaci-spinach-pizza/p/20296100001_EA", "Sub Category": null, "English Name": "Ristorante Thin Crust Spinaci (Spinach) Pizza", "Size": "390 g", "Size Label": "ea"}, {"Category": "Frozen Pizza", "Aisle": "Frozen", "Sku": "21106361_EA", "Regular Price": "6.99", "Sale Price": "5.99", "Image": "https://assets.shop.loblaws.ca/products/21106361/b1/en/front/21106361_front_a01_@2.png", "Brand": "Dr Oetker", "Url": "https://www.maxi.ca/giuseppe-pizzeria-rising-crust-pepperoni-pizza/p/21106361_EA", "Sub Category": null, "English Name": "Giuseppe Pizzeria Rising Crust Pepperoni Pizza", "Size": "720 g", "Size Label": "ea"}, {"Category": "Frozen Pizza", "Aisle": "Frozen", "Sku": "20296424006_EA", "Regular Price": "None", "Sale Price": "4.99", "Image": "https://assets.shop.loblaws.ca/products/20296424006/b1/en/front/20296424006_front_a01_@2.png", "Brand": "Dr Oetker", "Url": "https://www.maxi.ca/casa-di-mama-pepperoni-pizza/p/20296424006_EA", "Sub Category": null, "English Name": "Casa di Mama Pepperoni Pizza", "Size": "395 g", "Size Label": "ea"}, {"Category": "Frozen Pizza", "Aisle": "Frozen", "Sku": "21102735_EA", "Regular Price": "None", "Sale Price": "4.99", "Image": "https://assets.shop.loblaws.ca/products/21102735/b1/en/front/21102735_front_a01_@2.png", "Brand": "President's Choice", "Url": "https://www.maxi.ca/chicken-arrabbiata-flatbread/p/21102735_EA", "Sub Category": null, "English Name": "Chicken Arrabbiata Flatbread", "Size": "344 g", "Size Label": "ea"}, {"Category": "Frozen Pizza", "Aisle": "Frozen", "Sku": "21026061_EA", "Regular Price": "None", "Sale Price": "5.29", "Image": "https://assets.shop.loblaws.ca/products/21026061/b1/en/front/21026061_front_a01_@2.png", "Brand": "McCain", "Url": "https://www.maxi.ca/pepperoni-pizza-pockets/p/21026061_EA", "Sub Category": null, "English Name": "Pepperoni Pizza Pockets", "Size": "300 g", "Size Label": "ea"}, {"Category": "Frozen Pizza", "Aisle": "Frozen", "Sku": "20296100004_EA", "Regular Price": "None", "Sale Price": "4.99", "Image": "https://assets.shop.loblaws.ca/products/20296100004/b1/en/front/20296100004_front_a01_@2.png", "Brand": "Dr Oetker", "Url": "https://www.maxi.ca/ristorante-thin-crust-quattro-formaggi-4-cheese-pi/p/20296100004_EA", "Sub Category": null, "English Name": "Ristorante Thin Crust Quattro Formaggi (4 Cheese) Pizza", "Size": "340 g", "Size Label": "ea"}, {"Category": "Frozen Pizza", "Aisle": "Frozen", "Sku": "21013867_EA", "Regular Price": "None", "Sale Price": "4.99", "Image": "https://assets.shop.loblaws.ca/products/21013867/b1/en/front/21013867_front_a01_@2.png", "Brand": "President's Choice", "Url": "https://www.maxi.ca/potato-and-bacon-flatbread/p/21013867_EA", "Sub Category": null, "English Name": "Potato and Bacon Flatbread", "Size": "395 g", "Size Label": "ea"}, {"Category": "Frozen Pizza", "Aisle": "Frozen", "Sku": "20296424001_EA", "Regular Price": "None", "Sale Price": "4.99", "Image": "https://assets.shop.loblaws.ca/products/20296424001/b1/en/front/20296424001_front_a01_@2.png", "Brand": "Dr Oetker", "Url": "https://www.maxi.ca/casa-di-mama-deluxe-pizza/p/20296424001_EA", "Sub Category": null, "English Name": "Casa di Mama Deluxe Pizza", "Size": "410 g", "Size Label": "ea"}, {"Category": "Frozen Pizza", "Aisle": "Frozen", "Sku": "21471855_EA", "Regular Price": "None", "Sale Price": "4.99", "Image": "https://assets.shop.loblaws.ca/products/21471855/b1/en/front/21471855_front_a01_@2.png", "Brand": "President's Choice", "Url": "https://www.maxi.ca/basil-and-spinach-pesto-focaccia/p/21471855_EA", "Sub Category": null, "English Name": "Basil and Spinach Pesto Focaccia", "Size": "415 g", "Size Label": "ea"}, {"Category": "Frozen Pizza", "Aisle": "Frozen", "Sku": "20296100005_EA", "Regular Price": "None", "Sale Price": "4.99", "Image": "https://assets.shop.loblaws.ca/products/20296100005/b1/en/front/20296100005_front_a01_@2.png", "Brand": "Dr Oetker", "Url": "https://www.maxi.ca/ristorante-thin-crust-speciale-pizza/p/20296100005_EA", "Sub Category": null, "English Name": "Ristorante Thin Crust Speciale Pizza", "Size": "330 g", "Size Label": "ea"}, {"Category": "Frozen Pizza", "Aisle": "Frozen", "Sku": "20750951_EA", "Regular Price": "None", "Sale Price": "7.99", "Image": "https://assets.shop.loblaws.ca/products/20750951/b1/en/front/20750951_front_a01_@2.png", "Brand": "Delissio", "Url": "https://www.maxi.ca/rising-crust-3-meat-pizza/p/20750951_EA", "Sub Category": null, "English Name": "Rising Crust 3 Meat Pizza", "Size": "834 g", "Size Label": "ea"}, {"Category": "Frozen Pizza", "Aisle": "Frozen", "Sku": "20296100008_EA", "Regular Price": "None", "Sale Price": "4.99", "Image": "https://assets.shop.loblaws.ca/products/20296100008/b1/en/front/20296100008_front_a01_@2.png", "Brand": "Dr Oetker", "Url": "https://www.maxi.ca/ristorante-thin-crust-pepperoni-pesto-pizza/p/20296100008_EA", "Sub Category": null, "English Name": "Ristorante Thin Crust Pepperoni Pesto Pizza", "Size": "360 g", "Size Label": "ea"}, {"Category": "Frozen Pizza", "Aisle": "Frozen", "Sku": "21435910_EA", "Regular Price": "None", "Sale Price": "7.29", "Image": "https://assets.shop.loblaws.ca/products/21435910/b1/en/front/21435910_front_a01_@2.png", "Brand": "Pillsbury", "Url": "https://www.maxi.ca/pizza-pops-pepperoni-8ct/p/21435910_EA", "Sub Category": null, "English Name": "Pizza Pops Pepperoni 8ct", "Size": "760 g", "Size Label": "ea"}, {"Category": "Frozen Pizza", "Aisle": "Frozen", "Sku": "21467158_EA", "Regular Price": "None", "Sale Price": "11.99", "Image": "https://assets.shop.loblaws.ca/products/21467158/b1/en/front/21467158_front_a01_@2.png", "Brand": "Mikes", "Url": "https://www.maxi.ca/pizza-international/p/21467158_EA", "Sub Category": null, "English Name": "Pizza International", "Size": "871 g", "Size Label": "ea"}, {"Category": "Frozen Pizza", "Aisle": "Frozen", "Sku": "21467263_EA", "Regular Price": "None", "Sale Price": "11.99", "Image": "https://assets.shop.loblaws.ca/products/21467263/b1/en/front/21467263_front_a01_@2.png", "Brand": "Mikes", "Url": "https://www.maxi.ca/pepperoni-pizza/p/21467263_EA", "Sub Category": null, "English Name": "Pepperoni Pizza", "Size": "805 g", "Size Label": "ea"}, {"Category": "Frozen Pizza", "Aisle": "Frozen", "Sku": "20296100007_EA", "Regular Price": "None", "Sale Price": "4.99", "Image": "https://assets.shop.loblaws.ca/products/20296100007/b1/en/front/20296100007_front_a01_@2.png", "Brand": "Dr Oetker", "Url": "https://www.maxi.ca/ristorante-thin-crust-pollo-chicken-pizza/p/20296100007_EA", "Sub Category": null, "English Name": "Ristorante Thin Crust Pollo (Chicken) Pizza", "Size": "355 g", "Size Label": "ea"}, {"Category": "Frozen Pizza", "Aisle": "Frozen", "Sku": "20303635001_EA", "Regular Price": "None", "Sale Price": "4.99", "Image": "https://assets.shop.loblaws.ca/products/20303635001/b1/en/front/20303635001_front_a01_@2.png", "Brand": "Dr Oetker", "Url": "https://www.maxi.ca/ristorante-thin-crust-mushroom-funghi-pizza/p/20303635001_EA", "Sub Category": null, "English Name": "Ristorante Thin Crust Mushroom Funghi Pizza", "Size": "365 g", "Size Label": "ea"}, {"Category": "Frozen Pizza", "Aisle": "Frozen", "Sku": "20904520_EA", "Regular Price": "6.99", "Sale Price": "5.99", "Image": "https://assets.shop.loblaws.ca/products/20904520/b1/en/front/20904520_front_a01_@2.png", "Brand": "Dr Oetker", "Url": "https://www.maxi.ca/giuseppe-thin-crust-canadian-pizza/p/20904520_EA", "Sub Category": null, "English Name": "Giuseppe Thin Crust Canadian Pizza", "Size": "501 g", "Size Label": "ea"}, {"Category": "Frozen Pizza", "Aisle": "Frozen", "Sku": "21467213_EA", "Regular Price": "None", "Sale Price": "11.99", "Image": "https://assets.shop.loblaws.ca/products/21467213/b1/en/front/21467213_front_a01_@2.png", "Brand": "Mikes", "Url": "https://www.maxi.ca/pizza-double-pepperoni/p/21467213_EA", "Sub Category": null, "English Name": "Pizza Double Pepperoni", "Size": "820 g", "Size Label": "ea"}, {"Category": "Frozen Pizza", "Aisle": "Frozen", "Sku": "21359557_EA", "Regular Price": "6.99", "Sale Price": "5.99", "Image": "https://assets.shop.loblaws.ca/products/21359557/b1/en/front/21359557_front_a01_@2.png", "Brand": "Dr Oetker", "Url": "https://www.maxi.ca/giuseppe-pizzeria-pizza-pepperoni-bacon/p/21359557_EA", "Sub Category": null, "English Name": "Giuseppe Pizzeria Pizza Pepperoni & Bacon", "Size": "3x200.0 g", "Size Label": "ea"}, {"Category": "Frozen Pizza", "Aisle": "Frozen", "Sku": "21466555_EA", "Regular Price": "None", "Sale Price": "11.99", "Image": "https://assets.shop.loblaws.ca/products/21466555/b1/en/front/21466555_front_a01_@2.png", "Brand": "Mikes", "Url": "https://www.maxi.ca/pizza-carnivore/p/21466555_EA", "Sub Category": null, "English Name": "Pizza Carnivore", "Size": "795 g", "Size Label": "ea"}, {"Category": "Frozen Pizza", "Aisle": "Frozen", "Sku": "21466960_EA", "Regular Price": "None", "Sale Price": "11.99", "Image": "https://assets.shop.loblaws.ca/products/21466960/b1/en/front/21466960_front_a01_@2.png", "Brand": "Mikes", "Url": "https://www.maxi.ca/pizza-deluxe/p/21466960_EA", "Sub Category": null, "English Name": "Pizza Deluxe", "Size": "845 g", "Size Label": "ea"}, {"Category": "Frozen Pizza", "Aisle": "Frozen", "Sku": "21435996_EA", "Regular Price": "None", "Sale Price": "4.79", "Image": "https://assets.shop.loblaws.ca/products/21435996/b1/en/front/21435996_front_a01_@2.png", "Brand": "Pillsbury", "Url": "https://www.maxi.ca/pizza-pops-3-cheese-mozzarella-white-cheddar-provo/p/21435996_EA", "Sub Category": null, "English Name": "Pizza Pops, 3 Cheese, Mozzarella, White Cheddar, Provolone, Pizza Snacks, 4 ct", "Size": "380 g", "Size Label": "ea"}, {"Category": "Frozen Pizza", "Aisle": "Frozen", "Sku": "20904583_EA", "Regular Price": "6.99", "Sale Price": "5.99", "Image": "https://assets.shop.loblaws.ca/products/20904583/b1/en/front/20904583_front_a01_@2.png", "Brand": "Dr Oetker", "Url": "https://www.maxi.ca/giuseppe-pizzeria-thin-crust-deluxe-pizza/p/20904583_EA", "Sub Category": null, "English Name": "Giuseppe Pizzeria Thin Crust Deluxe Pizza", "Size": "515 g", "Size Label": "ea"}, {"Category": "Frozen Pizza", "Aisle": "Frozen", "Sku": "21030561_EA", "Regular Price": "None", "Sale Price": "13.99", "Image": "https://assets.shop.loblaws.ca/products/21030561/b1/en/front/21030561_front_a01_@2.png", "Brand": "No Name", "Url": "https://www.maxi.ca/pepperoni-pizzas/p/21030561_EA", "Sub Category": null, "English Name": "Pepperoni Pizzas", "Size": "1660 g", "Size Label": "ea"}, {"Category": "Frozen Pizza", "Aisle": "Frozen", "Sku": "21164021_EA", "Regular Price": "None", "Sale Price": "4.79", "Image": "https://assets.shop.loblaws.ca/products/21164021/b1/en/front/21164021_front_a01_@2.png", "Brand": "Dr Oetker", "Url": "https://www.maxi.ca/giuseppe-garlic-fingers/p/21164021_EA", "Sub Category": null, "English Name": "Giuseppe Garlic Fingers ", "Size": "317 g", "Size Label": "ea"}, {"Category": "Frozen Pizza", "Aisle": "Frozen", "Sku": "21163790_EA", "Regular Price": "None", "Sale Price": "4.99", "Image": "https://assets.shop.loblaws.ca/products/21163790/b1/en/front/21163790_front_a01_@2.png", "Brand": "Dr Oetker", "Url": "https://www.maxi.ca/ristorante-thin-crust-pizza-cavolo/p/21163790_EA", "Sub Category": null, "English Name": "Ristorante Thin Crust Pizza Cavolo", "Size": "355 g", "Size Label": "ea"}, {"Category": "Frozen Pizza", "Aisle": "Frozen", "Sku": "21439748_EA", "Regular Price": "None", "Sale Price": "7.99", "Image": "https://assets.shop.loblaws.ca/products/21439748/b1/en/front/21439748_front_a01_@2.png", "Brand": "Delissio", "Url": "https://www.maxi.ca/hawaiian-pizza/p/21439748_EA", "Sub Category": null, "English Name": "Hawaiian Pizza", "Size": "857 g", "Size Label": "ea"}, {"Category": "Frozen Pizza", "Aisle": "Frozen", "Sku": "21436071_EA", "Regular Price": "None", "Sale Price": "4.79", "Image": "https://assets.shop.loblaws.ca/products/21436071/b1/en/front/21436071_front_a01_@2.png", "Brand": "Pillsbury", "Url": "https://www.maxi.ca/pizza-pops-pepperoni-frozen-pizza-snacks-4-ct/p/21436071_EA", "Sub Category": null, "English Name": "Pizza Pops, Pepperoni, Frozen Pizza Snacks, 4 ct", "Size": "380 g", "Size Label": "ea"}, {"Category": "Frozen Pizza", "Aisle": "Frozen", "Sku": "21467060_EA", "Regular Price": "None", "Sale Price": "11.99", "Image": "https://assets.shop.loblaws.ca/products/21467060/b1/en/front/21467060_front_a01_@2.png", "Brand": "Mikes", "Url": "https://www.maxi.ca/pizza-italian-sausage/p/21467060_EA", "Sub Category": null, "English Name": "Pizza Italian Sausage", "Size": "830 g", "Size Label": "ea"}, {"Category": "Frozen Pizza", "Aisle": "Frozen", "Sku": "21436027_EA", "Regular Price": "None", "Sale Price": "4.79", "Image": "https://assets.shop.loblaws.ca/products/21436027/b1/en/front/21436027_front_a01_@2.png", "Brand": "Pillsbury", "Url": "https://www.maxi.ca/pizza-pops-deluxe-frozen-pizza-snacks-4-ct/p/21436027_EA", "Sub Category": null, "English Name": "Pizza Pops, Deluxe, Frozen Pizza Snacks, 4 ct", "Size": "380 g", "Size Label": "ea"}, {"Category": "Frozen Pizza", "Aisle": "Frozen", "Sku": "21467255_EA", "Regular Price": "None", "Sale Price": "11.99", "Image": "https://assets.shop.loblaws.ca/products/21467255/b1/en/front/21467255_front_a01_@2.png", "Brand": "Mikes", "Url": "https://www.maxi.ca/pizza-bbq-chicken/p/21467255_EA", "Sub Category": null, "English Name": "Pizza Bbq Chicken", "Size": "777 g", "Size Label": "ea"}, {"Category": "Frozen Pizza", "Aisle": "Frozen", "Sku": "21242820_EA", "Regular Price": "None", "Sale Price": "9.99", "Image": "https://assets.shop.loblaws.ca/products/21242820/b1/en/front/21242820_front_a01_@2.png", "Brand": "Pizza Oggi", "Url": "https://www.maxi.ca/vegan-pizza-beyond-meat-beef/p/21242820_EA", "Sub Category": null, "English Name": "Vegan Pizza Beyond Meat Beef", "Size": "390 g", "Size Label": "ea"}, {"Category": "Frozen Pizza", "Aisle": "Frozen", "Sku": "21106360_EA", "Regular Price": "6.99", "Sale Price": "5.99", "Image": "https://assets.shop.loblaws.ca/products/21106360/b1/en/front/21106360_front_a01_@2.png", "Brand": "Dr Oetker", "Url": "https://www.maxi.ca/giuseppe-pizzeria-rising-crust-deluxe-pizza/p/21106360_EA", "Sub Category": null, "English Name": "Giuseppe Pizzeria Rising Crust Deluxe Pizza", "Size": "785 g", "Size Label": "ea"}, {"Category": "Frozen Pizza", "Aisle": "Frozen", "Sku": "20296100002_EA", "Regular Price": "None", "Sale Price": "4.99", "Image": "https://assets.shop.loblaws.ca/products/20296100002/b1/en/front/20296100002_front_a01_@2.png", "Brand": "Dr Oetker", "Url": "https://www.maxi.ca/ristorante-thin-crust-mozzarella-pizza/p/20296100002_EA", "Sub Category": null, "English Name": "Ristorante Thin Crust Mozzarella Pizza", "Size": "325 g", "Size Label": "ea"}, {"Category": "Frozen Pizza", "Aisle": "Frozen", "Sku": "20751262_EA", "Regular Price": "None", "Sale Price": "7.99", "Image": "https://assets.shop.loblaws.ca/products/20751262/b1/en/front/20751262_front_a01_@2.png", "Brand": "Delissio", "Url": "https://www.maxi.ca/rising-crust-veggie-deluxe-pizza/p/20751262_EA", "Sub Category": null, "English Name": "Rising Crust Veggie Deluxe Pizza", "Size": "835 g", "Size Label": "ea"}, {"Category": "Frozen Pizza", "Aisle": "Frozen", "Sku": "21467087_EA", "Regular Price": "None", "Sale Price": "11.99", "Image": "https://assets.shop.loblaws.ca/products/21467087/b1/en/front/21467087_front_a01_@2.png", "Brand": "Mikes", "Url": "https://www.maxi.ca/pepperoni-bacon-and-mozzarella-cheese-pizza/p/21467087_EA", "Sub Category": null, "English Name": "Pepperoni, Bacon and Mozzarella Cheese Pizza", "Size": "840 g", "Size Label": "ea"}, {"Category": "Frozen Pizza", "Aisle": "Frozen", "Sku": "20750965_EA", "Regular Price": "None", "Sale Price": "7.99", "Image": "https://assets.shop.loblaws.ca/products/20750965/b1/en/front/20750965_front_a01_@2.png", "Brand": "Delissio", "Url": "https://www.maxi.ca/rising-crust-canadian-pizza/p/20750965_EA", "Sub Category": null, "English Name": "Rising Crust Canadian Pizza", "Size": "860 g", "Size Label": "ea"}, {"Category": "Frozen Pizza", "Aisle": "Frozen", "Sku": "21047833_EA", "Regular Price": "None", "Sale Price": "9.49", "Image": "https://assets.shop.loblaws.ca/products/21047833/b1/en/front/21047833_front_a01_@2.png", "Brand": "McCain", "Url": "https://www.maxi.ca/pepperoni-pizza-pockets/p/21047833_EA", "Sub Category": null, "English Name": "Pepperoni Pizza Pockets", "Size": "600 g", "Size Label": "ea"}, {"Category": "Frozen Pizza", "Aisle": "Frozen", "Sku": "21014640_EA", "Regular Price": "None", "Sale Price": "4.99", "Image": "https://assets.shop.loblaws.ca/products/21014640/b1/en/front/21014640_front_a01_@2.png", "Brand": "Dr Oetker", "Url": "https://www.maxi.ca/ristorante-thin-crust-margarita-pizza/p/21014640_EA", "Sub Category": null, "English Name": "Ristorante Thin Crust Margarita Pizza", "Size": "330 g", "Size Label": "ea"}, {"Category": "Frozen Pizza", "Aisle": "Frozen", "Sku": "21014640_EA", "Regular Price": "None", "Sale Price": "4.99", "Image": "https://assets.shop.loblaws.ca/products/21014640/b1/en/front/21014640_front_a01_@2.png", "Brand": "Dr Oetker", "Url": "https://www.maxi.ca/ristorante-thin-crust-margarita-pizza/p/21014640_EA", "Sub Category": null, "English Name": "Ristorante Thin Crust Margarita Pizza", "Size": "330 g", "Size Label": "ea"}, {"Category": "Frozen Pizza", "Aisle": "Frozen", "Sku": "21047836_EA", "Regular Price": "None", "Sale Price": "9.49", "Image": "https://assets.shop.loblaws.ca/products/21047836/b1/en/front/21047836_front_a01_@2.png", "Brand": "McCain", "Url": "https://www.maxi.ca/three-cheese-pizza-pockets/p/21047836_EA", "Sub Category": null, "English Name": "Three Cheese Pizza Pockets", "Size": "600 g", "Size Label": "ea"}, {"Category": "Frozen Pizza", "Aisle": "Frozen", "Sku": "21092257_EA", "Regular Price": "None", "Sale Price": "8.99", "Image": "https://assets.shop.loblaws.ca/products/21092257/b1/en/front/21092257_front_a01_@2.png", "Brand": "President's Choice", "Url": "https://www.maxi.ca/gluten-free-four-cheese-pizza/p/21092257_EA", "Sub Category": null, "English Name": "Gluten Free Four Cheese Pizza", "Size": "340 g", "Size Label": "ea"}, {"Category": "Frozen Pizza", "Aisle": "Frozen", "Sku": "21030593_EA", "Regular Price": "None", "Sale Price": "13.99", "Image": "https://assets.shop.loblaws.ca/products/21030593/b1/en/front/21030593_front_a01_@2.png", "Brand": "No Name", "Url": "https://www.maxi.ca/cheese-pizzas/p/21030593_EA", "Sub Category": null, "English Name": "Cheese Pizzas", "Size": "1740 g", "Size Label": "ea"}, {"Category": "Appetizers & Snacks", "Aisle": "Frozen", "Sku": "21165967_EA", "Regular Price": "None", "Sale Price": "10.00", "Image": "https://assets.shop.loblaws.ca/products/21165967/b1/en/front/21165967_front_a01_@2.png", "Brand": null, "Url": "https://www.maxi.ca/10-pepperoni-pizza-bites/p/21165967_EA", "Sub Category": null, "English Name": "$10 Pepperoni Pizza Bites", "Size": "1420 g", "Size Label": "ea"}, {"Category": "Appetizers & Snacks", "Aisle": "Frozen", "Sku": "21361965_EA", "Regular Price": "3.99", "Sale Price": "2.50", "Image": "https://assets.shop.loblaws.ca/products/21361965/b1/en/front/21361965_front_a01_@2.png", "Brand": "Stouffers", "Url": "https://www.maxi.ca/bistro-crustini-steak-and-cheddar-cheese-pastry-sn/p/21361965_EA", "Sub Category": null, "English Name": "Bistro Crustini Steak and Cheddar Cheese Pastry Snack", "Size": "226 g", "Size Label": "ea"}, {"Category": "Appetizers & Snacks", "Aisle": "Frozen", "Sku": "20065224002_EA", "Regular Price": "17.49", "Sale Price": "12.99", "Image": "https://assets.shop.loblaws.ca/products/20065224002/b1/en/front/20065224002_front_a01_@2.png", "Brand": "Pogo", "Url": "https://www.maxi.ca/regular/p/20065224002_EA", "Sub Category": null, "English Name": "Regular", "Size": "1.5 kg", "Size Label": "ea"}, {"Category": "Appetizers & Snacks", "Aisle": "Frozen", "Sku": "20322350005_EA", "Regular Price": "None", "Sale Price": "2.50", "Image": "https://assets.shop.loblaws.ca/products/20322350005/b1/en/front/20322350005_front_a01_@2.png", "Brand": "Stouffers", "Url": "https://www.maxi.ca/crustini-philly-style-steak-cheese/p/20322350005_EA", "Sub Category": null, "English Name": "Crustini, Philly-Style Steak & Cheese", "Size": "256 g", "Size Label": "ea"}, {"Category": "Appetizers & Snacks", "Aisle": "Frozen", "Sku": "20053302001_EA", "Regular Price": "10.49", "Sale Price": "9.99", "Image": "https://assets.shop.loblaws.ca/products/20053302001/b1/en/front/20053302001_front_a01_@2.png", "Brand": "Pogo", "Url": "https://www.maxi.ca/original-10-s/p/20053302001_EA", "Sub Category": null, "English Name": "Original 10'S     ", "Size": "750 g", "Size Label": "ea"}, {"Category": "Appetizers & Snacks", "Aisle": "Frozen", "Sku": "20698096_EA", "Regular Price": "None", "Sale Price": "11.99", "Image": "https://assets.shop.loblaws.ca/products/20698096/b1/en/front/20698096_front_a01_@2.png", "Brand": "President's Choice", "Url": "https://www.maxi.ca/vegetable-spring-rolls/p/20698096_EA", "Sub Category": null, "English Name": "Vegetable Spring Rolls", "Size": "574 g", "Size Label": "ea"}, {"Category": "Appetizers & Snacks", "Aisle": "Frozen", "Sku": "21116020_EA", "Regular Price": "None", "Sale Price": "10.99", "Image": "https://assets.shop.loblaws.ca/products/21116020/b1/en/front/21116020_front_a01_@2.png", "Brand": "President's Choice", "Url": "https://www.maxi.ca/mozzarella-cheese-sticks/p/21116020_EA", "Sub Category": null, "English Name": "Mozzarella Cheese Sticks", "Size": "454 g", "Size Label": "ea"}, {"Category": "Appetizers & Snacks", "Aisle": "Frozen", "Sku": "21543057_C04", "Regular Price": "None", "Sale Price": "5.99", "Image": "https://assets.shop.loblaws.ca/products/21543057/b1/en/front/21543057_front_a01_@2.png", "Brand": "Smuckers", "Url": "https://www.maxi.ca/uncrustables-peanut-butter-strawberry-spread-sandw/p/21543057_C04", "Sub Category": null, "English Name": "Uncrustables Peanut Butter & Strawberry Spread Sandwich", "Size": "4x58.0 g", "Size Label": "c04"}, {"Category": "Appetizers & Snacks", "Aisle": "Frozen", "Sku": "20110352001_EA", "Regular Price": "None", "Sale Price": "5.79", "Image": "https://assets.shop.loblaws.ca/products/20110352001/b1/en/front/20110352001_front_a01_@2.png", "Brand": "Pogo", "Url": "https://www.maxi.ca/regular/p/20110352001_EA", "Sub Category": null, "English Name": "Regular", "Size": "300 g", "Size Label": "ea"}, {"Category": "Appetizers & Snacks", "Aisle": "Frozen", "Sku": "21543055_C04", "Regular Price": "None", "Sale Price": "5.99", "Image": "https://assets.shop.loblaws.ca/products/21543055/b1/en/front/21543055_front_a01_@2.png", "Brand": "Smuckers", "Url": "https://www.maxi.ca/uncrustables-chocolate-flavoured-hazelnut-spread-s/p/21543055_C04", "Sub Category": null, "English Name": "Uncrustables Chocolate Flavoured Hazelnut Spread Sandwich", "Size": "4x52.0 g", "Size Label": "c04"}, {"Category": "Appetizers & Snacks", "Aisle": "Frozen", "Sku": "21391399_EA", "Regular Price": "None", "Sale Price": "15.99", "Image": "https://assets.shop.loblaws.ca/products/21391399/b1/en/front/21391399_front_a01_@2.png", "Brand": "McCain", "Url": "https://www.maxi.ca/pepperoni-pizza-pockets/p/21391399_EA", "Sub Category": null, "English Name": "Pepperoni Pizza Pockets", "Size": "1.2 kg", "Size Label": "ea"}, {"Category": "Appetizers & Snacks", "Aisle": "Frozen", "Sku": "21202113_EA", "Regular Price": "None", "Sale Price": "6.99", "Image": "https://assets.shop.loblaws.ca/products/21202113/b1/en/front/21202113_front_a01_@2.png", "Brand": "President's Choice", "Url": "https://www.maxi.ca/butter-buffalo-cauliflower-bites/p/21202113_EA", "Sub Category": null, "English Name": " Butter Buffalo Cauliflower Bites", "Size": "454 g", "Size Label": "ea"}, {"Category": "Appetizers & Snacks", "Aisle": "Frozen", "Sku": "21521355_EA", "Regular Price": "None", "Sale Price": "11.99", "Image": "https://assets.shop.loblaws.ca/products/21521355/b1/en/front/21521355_front_a01_@2.png", "Brand": "President's Choice", "Url": "https://www.maxi.ca/filipino-chicken-adobo-lumpia-spring-rolls-with-ve/p/21521355_EA", "Sub Category": null, "English Name": "Filipino Chicken Adobo Lumpia Spring Rolls with Vegetables and Chicken", "Size": "560 g", "Size Label": "ea"}, {"Category": "Appetizers & Snacks", "Aisle": "Frozen", "Sku": "21393377_EA", "Regular Price": "None", "Sale Price": "12.99", "Image": "https://assets.shop.loblaws.ca/products/21393377/b1/en/front/21393377_front_a01_@2.png", "Brand": "President's Choice", "Url": "https://www.maxi.ca/halloom-cheese-sticks-in-za-atar-herbed-batter/p/21393377_EA", "Sub Category": null, "English Name": "Halloom Cheese Sticks in Za\u2019atar-Herbed Batter", "Size": "300 g", "Size Label": "ea"}, {"Category": "Appetizers & Snacks", "Aisle": "Frozen", "Sku": "21525606_EA", "Regular Price": "None", "Sale Price": "11.00", "Image": "https://assets.shop.loblaws.ca/products/21525606/b1/en/front/21525606_front_a01_@2.png", "Brand": null, "Url": "https://www.maxi.ca/la-paysanne-parmesan-fondue/p/21525606_EA", "Sub Category": null, "English Name": "La Paysanne Parmesan Fondue", "Size": "1 kg", "Size Label": "ea"}, {"Category": "Appetizers & Snacks", "Aisle": "Frozen", "Sku": "20503371_EA", "Regular Price": "8.49", "Sale Price": "7.99", "Image": "https://assets.shop.loblaws.ca/products/20503371/b1/en/front/20503371_front_a01_@2.png", "Brand": "Pagoda", "Url": "https://www.maxi.ca/meat-egg-rolls/p/20503371_EA", "Sub Category": null, "English Name": "Meat Egg Rolls", "Size": "1.02 kg", "Size Label": "ea"}, {"Category": "Appetizers & Snacks", "Aisle": "Frozen", "Sku": "20180018_EA", "Regular Price": "None", "Sale Price": "7.49", "Image": "https://assets.shop.loblaws.ca/products/20180018/b1/en/front/20180018_front_a01_@2.png", "Brand": "Wong Wing", "Url": "https://www.maxi.ca/egg-roll-covers/p/20180018_EA", "Sub Category": null, "English Name": "Egg Roll Covers", "Size": "908 g", "Size Label": "ea"}, {"Category": "Appetizers & Snacks", "Aisle": "Frozen", "Sku": "20116615_EA", "Regular Price": "None", "Sale Price": "15.99", "Image": "https://assets.shop.loblaws.ca/products/20116615/b1/en/front/20116615_front_a01_@2.png", "Brand": "President's Choice", "Url": "https://www.maxi.ca/cheese-hors-d-oeuvre-collection/p/20116615_EA", "Sub Category": null, "English Name": "Cheese Hors D\u2019Oeuvre Collection", "Size": "720 g", "Size Label": "ea"}, {"Category": "Appetizers & Snacks", "Aisle": "Frozen", "Sku": "20503367_EA", "Regular Price": "8.49", "Sale Price": "7.99", "Image": "https://assets.shop.loblaws.ca/products/20503367/b1/en/front/20503367_front_a01_@2.png", "Brand": "Pagoda", "Url": "https://www.maxi.ca/vegetable-egg-rolls/p/20503367_EA", "Sub Category": null, "English Name": "Vegetable Egg Rolls", "Size": "1.02 kg", "Size Label": "ea"}, {"Category": "Appetizers & Snacks", "Aisle": "Frozen", "Sku": "20503472_EA", "Regular Price": "None", "Sale Price": "8.49", "Image": "https://assets.shop.loblaws.ca/products/20503472/b1/en/front/20503472_front_a01_@2.png", "Brand": "Wong Wing", "Url": "https://www.maxi.ca/chicken-egg-rolls/p/20503472_EA", "Sub Category": null, "English Name": "Chicken Egg Rolls", "Size": "680 g", "Size Label": "ea"}, {"Category": "Appetizers & Snacks", "Aisle": "Frozen", "Sku": "20503375_EA", "Regular Price": "8.49", "Sale Price": "7.99", "Image": "https://assets.shop.loblaws.ca/products/20503375/b1/en/front/20503375_front_a01_@2.png", "Brand": "Pagoda", "Url": "https://www.maxi.ca/chicken-egg-rolls/p/20503375_EA", "Sub Category": null, "English Name": "Chicken Egg Rolls", "Size": "1.02 kg", "Size Label": "ea"}, {"Category": "Appetizers & Snacks", "Aisle": "Frozen", "Sku": "21484692_EA", "Regular Price": "None", "Sale Price": "10.00", "Image": "https://assets.shop.loblaws.ca/products/21484692/b1/en/front/21484692_front_a01_@2.png", "Brand": "Nem Food", "Url": "https://www.maxi.ca/chicken-spring-rolls-value-pack/p/21484692_EA", "Sub Category": null, "English Name": "Chicken Spring Rolls Value Pack", "Size": "800 g", "Size Label": "ea"}, {"Category": "Appetizers & Snacks", "Aisle": "Frozen", "Sku": "21473122_EA", "Regular Price": "None", "Sale Price": "8.99", "Image": "https://assets.shop.loblaws.ca/products/21473122/b1/en/front/21473122_front_a01_@2.png", "Brand": "President's Choice", "Url": "https://www.maxi.ca/cranberry-brie-puff-pastry-bites/p/21473122_EA", "Sub Category": null, "English Name": "Cranberry & Brie Puff Pastry Bites", "Size": "288 g", "Size Label": "ea"}, {"Category": "Appetizers & Snacks", "Aisle": "Frozen", "Sku": "21312041_EA", "Regular Price": "None", "Sale Price": "9.99", "Image": "https://assets.shop.loblaws.ca/products/21312041/b1/en/front/21312041_front_a01_@2.png", "Brand": "President's Choice", "Url": "https://www.maxi.ca/beef-cheese-loaded-nacho-bites/p/21312041_EA", "Sub Category": null, "English Name": "Beef & Cheese Loaded Nacho Bites\u00a0", "Size": "400 g", "Size Label": "ea"}, {"Category": "Appetizers & Snacks", "Aisle": "Frozen", "Sku": "21484665_EA", "Regular Price": "None", "Sale Price": "10.00", "Image": "https://assets.shop.loblaws.ca/products/21484665/b1/en/front/21484665_front_a01_@2.png", "Brand": "Nem Food", "Url": "https://www.maxi.ca/vegetable-spring-rolls-uncooked/p/21484665_EA", "Sub Category": null, "English Name": "Vegetable Spring Rolls, Uncooked", "Size": "800 g", "Size Label": "ea"}, {"Category": "Appetizers & Snacks", "Aisle": "Frozen", "Sku": "20719691_EA", "Regular Price": "None", "Sale Price": "13.49", "Image": "https://assets.shop.loblaws.ca/products/20719691/b1/en/front/20719691_front_a01_@2.png", "Brand": "St Hubert", "Url": "https://www.maxi.ca/mozzarella-cheese-sticks/p/20719691_EA", "Sub Category": null, "English Name": "Mozzarella Cheese Sticks", "Size": "510 g", "Size Label": "ea"}, {"Category": "Appetizers & Snacks", "Aisle": "Frozen", "Sku": "21480200_EA", "Regular Price": "None", "Sale Price": "9.99", "Image": "https://assets.shop.loblaws.ca/products/21480200/b1/en/front/21480200_front_a01_@2.png", "Brand": "President's Choice", "Url": "https://www.maxi.ca/ascolana-fried-olives-stuffed-with-cheese/p/21480200_EA", "Sub Category": null, "English Name": "Ascolana Fried Olives Stuffed with Cheese", "Size": "450 g", "Size Label": "ea"}, {"Category": "Appetizers & Snacks", "Aisle": "Frozen", "Sku": "21444997_EA", "Regular Price": "None", "Sale Price": "10.00", "Image": "https://assets.shop.loblaws.ca/products/21444997/b1/en/front/21444997_front_a01_@2.png", "Brand": null, "Url": "https://www.maxi.ca/chicken-egg-rolls-cook-serve/p/21444997_EA", "Sub Category": null, "English Name": "Chicken Egg Rolls, Cook & Serve", "Size": "1.25 kg", "Size Label": "ea"}, {"Category": "Beverages & Ice", "Aisle": "Frozen", "Sku": "21467229_EA", "Regular Price": "None", "Sale Price": "3.79", "Image": "https://assets.shop.loblaws.ca/products/21467229/b1/en/front/21467229_front_a01_@2.png", "Brand": "Arctic Glacier", "Url": "https://www.maxi.ca/cubed-ice/p/21467229_EA", "Sub Category": null, "English Name": "Cubed Ice", "Size": "2.3 kg", "Size Label": "ea"}, {"Category": "Beverages & Ice", "Aisle": "Frozen", "Sku": "20552134002_EA", "Regular Price": "None", "Sale Price": "1.29", "Image": "https://assets.shop.loblaws.ca/products/20552134002/b1/en/front/20552134002_front_a01_@2.png", "Brand": "No Name", "Url": "https://www.maxi.ca/concentrated-fruit-punch/p/20552134002_EA", "Sub Category": null, "English Name": "Concentrated Fruit Punch", "Size": "283 ml", "Size Label": "ea"}, {"Category": "Beverages & Ice", "Aisle": "Frozen", "Sku": "20552134003_EA", "Regular Price": "None", "Sale Price": "1.29", "Image": "https://assets.shop.loblaws.ca/products/20552134003/b1/en/front/20552134003_front_a01_@2.png", "Brand": "No Name", "Url": "https://www.maxi.ca/concentrated-grape-punch/p/20552134003_EA", "Sub Category": null, "English Name": "Concentrated Grape Punch", "Size": "283 ml", "Size Label": "ea"}, {"Category": "Beverages & Ice", "Aisle": "Frozen", "Sku": "20418237001_EA", "Regular Price": "None", "Sale Price": "1.79", "Image": "https://assets.shop.loblaws.ca/products/20418237001/b1/en/front/20418237001_front_a01_@2.png", "Brand": "Minute Maid", "Url": "https://www.maxi.ca/fruit-punch-frozen-concentrate-juice-beverage-can/p/20418237001_EA", "Sub Category": null, "English Name": "Fruit Punch Frozen Concentrate Juice Beverage, Can", "Size": "295 ml", "Size Label": "ea"}, {"Category": "Beverages & Ice", "Aisle": "Frozen", "Sku": "20559141001_EA", "Regular Price": "None", "Sale Price": "1.59", "Image": "https://assets.shop.loblaws.ca/products/20559141001/b1/en/front/20559141001_front_a01_@2.png", "Brand": "No Name", "Url": "https://www.maxi.ca/concentrated-pink-lemonade/p/20559141001_EA", "Sub Category": null, "English Name": "Concentrated Pink Lemonade", "Size": "283 ml", "Size Label": "ea"}, {"Category": "Beverages & Ice", "Aisle": "Frozen", "Sku": "20418457003_EA", "Regular Price": "None", "Sale Price": "1.79", "Image": "https://assets.shop.loblaws.ca/products/20418457003/b1/en/front/20418457003_front_a01_@2.png", "Brand": "Minute Maid", "Url": "https://www.maxi.ca/pink-lemonade-frozen-concentrate-can/p/20418457003_EA", "Sub Category": null, "English Name": "Pink Lemonade Frozen Concentrate, Can", "Size": "295 ml", "Size Label": "ea"}, {"Category": "Beverages & Ice", "Aisle": "Frozen", "Sku": "20418237004_EA", "Regular Price": "None", "Sale Price": "1.79", "Image": "https://assets.shop.loblaws.ca/products/20418237004/b1/en/front/20418237004_front_a01_@2.png", "Brand": "Minute Maid", "Url": "https://www.maxi.ca/grape-punch-frozen-concentrate-juice-beverage-can/p/20418237004_EA", "Sub Category": null, "English Name": "Grape Punch Frozen Concentrate Juice Beverage, Can", "Size": "295 ml", "Size Label": "ea"}, {"Category": "Beverages & Ice", "Aisle": "Frozen", "Sku": "20418237005_EA", "Regular Price": "None", "Sale Price": "1.79", "Image": "https://assets.shop.loblaws.ca/products/20418237005/b1/en/front/20418237005_front_a01_@2.png", "Brand": "Minute Maid", "Url": "https://www.maxi.ca/mango-punch-frozen-concentrate-juice-beverage-can/p/20418237005_EA", "Sub Category": null, "English Name": "Mango Punch Frozen Concentrate Juice Beverage, Can", "Size": "295 ml", "Size Label": "ea"}, {"Category": "Beverages & Ice", "Aisle": "Frozen", "Sku": "20418533002_EA", "Regular Price": "None", "Sale Price": "2.99", "Image": "https://assets.shop.loblaws.ca/products/20418533002/b1/en/front/20418533002_front_a01_@2.png", "Brand": "Minute Maid", "Url": "https://www.maxi.ca/frozen-concentrate-orange-juice-can/p/20418533002_EA", "Sub Category": null, "English Name": "Frozen Concentrate Orange Juice, Can", "Size": "295 ml", "Size Label": "ea"}, {"Category": "Beverages & Ice", "Aisle": "Frozen", "Sku": "20418528_EA", "Regular Price": "None", "Sale Price": "1.79", "Image": "https://assets.shop.loblaws.ca/products/20418528/b1/en/front/20418528_front_a01_@2.png", "Brand": "Nestea", "Url": "https://www.maxi.ca/lemon-iced-tea/p/20418528_EA", "Sub Category": null, "English Name": "Lemon Iced Tea    ", "Size": "295 ml", "Size Label": "ea"}, {"Category": "Beverages & Ice", "Aisle": "Frozen", "Sku": "20418326003_EA", "Regular Price": "None", "Sale Price": "2.99", "Image": "https://assets.shop.loblaws.ca/products/20418326003/b1/en/front/20418326003_front_a01_@2.png", "Brand": "Five Alive", "Url": "https://www.maxi.ca/passionate-peach-juice/p/20418326003_EA", "Sub Category": null, "English Name": "Passionate Peach Juice", "Size": "295 ml", "Size Label": "ea"}, {"Category": "Ice Cream & Desserts", "Aisle": "Frozen", "Sku": "20301305002_EA", "Regular Price": "5.29", "Sale Price": "3.99", "Image": "https://assets.shop.loblaws.ca/products/20301305002/b1/en/front/20301305002_front_a01_@2.png", "Brand": "Breyers", "Url": "https://www.maxi.ca/french-vanilla-frozen-dessert-with-real-vanilla/p/20301305002_EA", "Sub Category": null, "English Name": "French\u00a0Vanilla Frozen Dessert with real vanilla ", "Size": "1.66 l", "Size Label": "ea"}, {"Category": "Ice Cream & Desserts", "Aisle": "Frozen", "Sku": "20301305006_EA", "Regular Price": "5.29", "Sale Price": "3.99", "Image": "https://assets.shop.loblaws.ca/products/20301305006/b1/en/front/20301305006_front_a01_@2.png", "Brand": "Breyers", "Url": "https://www.maxi.ca/vanilla-frozen-dessert-made-with-real-vanilla/p/20301305006_EA", "Sub Category": null, "English Name": "Vanilla Frozen Dessert made with real Vanilla", "Size": "1.66 l", "Size Label": "ea"}, {"Category": "Ice Cream & Desserts", "Aisle": "Frozen", "Sku": "20030369001_EA", "Regular Price": "None", "Sale Price": "4.99", "Image": "https://assets.shop.loblaws.ca/products/20030369001/b1/en/front/20030369001_front_a01_@2.png", "Brand": "Cool Whip", "Url": "https://www.maxi.ca/original-frozen-whipped-topping/p/20030369001_EA", "Sub Category": null, "English Name": "Original Frozen Whipped Topping", "Size": "1 l", "Size Label": "ea"}, {"Category": "Ice Cream & Desserts", "Aisle": "Frozen", "Sku": "20323757001_EA", "Regular Price": "5.49", "Sale Price": "3.49", "Image": "https://assets.shop.loblaws.ca/products/20323757001/b1/en/front/20323757001_front_a01_@2.png", "Brand": "Chapmans", "Url": "https://www.maxi.ca/premuim-canadian-collection-almonds-milk-chocolate/p/20323757001_EA", "Sub Category": null, "English Name": "Premuim Canadian Collection Almonds & Milk Chocolate Bars", "Size": "8x55.0 ml", "Size Label": "ea"}, {"Category": "Ice Cream & Desserts", "Aisle": "Frozen", "Sku": "21013432_EA", "Regular Price": "None", "Sale Price": "10.00", "Image": "https://assets.shop.loblaws.ca/products/21013432/b1/en/front/21013432_front_a01_@2.png", "Brand": "No Name", "Url": "https://www.maxi.ca/vanilla-ice-cream-sandwiches/p/21013432_EA", "Sub Category": null, "English Name": "Vanilla Ice Cream Sandwiches", "Size": "24x120.0 ml", "Size Label": "ea"}, {"Category": "Ice Cream & Desserts", "Aisle": "Frozen", "Sku": "20344925006_EA", "Regular Price": "None", "Sale Price": "8.99", "Image": "https://assets.shop.loblaws.ca/products/20344925006/b1/en/front/20344925006_front_a01_@2.png", "Brand": "Breyers", "Url": "https://www.maxi.ca/french-vanilla-ice-cream-made-in-canada/p/20344925006_EA", "Sub Category": null, "English Name": "French Vanilla Ice Cream made in Canada ", "Size": "1.66 l", "Size Label": "ea"}, {"Category": "Ice Cream & Desserts", "Aisle": "Frozen", "Sku": "20111532_EA", "Regular Price": "None", "Sale Price": "7.49", "Image": "https://assets.shop.loblaws.ca/products/20111532/b1/en/front/20111532_front_a01_@2.png", "Brand": "Chapmans", "Url": "https://www.maxi.ca/vanilla-ice-cream-sandwich/p/20111532_EA", "Sub Category": null, "English Name": "Vanilla Ice Cream Sandwich", "Size": "12x120.0 ml", "Size Label": "ea"}, {"Category": "Ice Cream & Desserts", "Aisle": "Frozen", "Sku": "20301305003_EA", "Regular Price": "5.29", "Sale Price": "3.99", "Image": "https://assets.shop.loblaws.ca/products/20301305003/b1/en/front/20301305003_front_a01_@2.png", "Brand": "Breyers", "Url": "https://www.maxi.ca/chocolate-frozen-dessert-made-with-real-chocolate/p/20301305003_EA", "Sub Category": null, "English Name": "Chocolate Frozen Dessert made with real chocolate ", "Size": "1.66 l", "Size Label": "ea"}, {"Category": "Ice Cream & Desserts", "Aisle": "Frozen", "Sku": "20344925001_EA", "Regular Price": "4.99", "Sale Price": "4.49", "Image": "https://assets.shop.loblaws.ca/products/20344925001/b1/en/front/20344925001_front_a01_@2.png", "Brand": "Breyers", "Url": "https://www.maxi.ca/natural-vanilla-ice-cream-with-fresh-cream-real-va/p/20344925001_EA", "Sub Category": null, "English Name": "Natural\u00a0Vanilla Ice\u00a0Cream with fresh cream & real vanilla beans ", "Size": "1.66 l", "Size Label": "ea"}, {"Category": "Ice Cream & Desserts", "Aisle": "Frozen", "Sku": "20301305010_EA", "Regular Price": "5.29", "Sale Price": "3.99", "Image": "https://assets.shop.loblaws.ca/products/20301305010/b1/en/front/20301305010_front_a01_@2.png", "Brand": "Breyers", "Url": "https://www.maxi.ca/family-classic-frozen-dessert-heavenly-hash/p/20301305010_EA", "Sub Category": null, "English Name": "Family Classic Frozen Dessert Heavenly\u00a0Hash", "Size": "1.66 l", "Size Label": "ea"}, {"Category": "Ice Cream & Desserts", "Aisle": "Frozen", "Sku": "20303840001_EA", "Regular Price": "None", "Sale Price": "4.49", "Image": "https://assets.shop.loblaws.ca/products/20303840001/b1/en/front/20303840001_front_a01_@2.png", "Brand": "Tenderflake", "Url": "https://www.maxi.ca/deep-dish-pie-shells/p/20303840001_EA", "Sub Category": null, "English Name": "Deep Dish Pie Shells", "Size": "350 g", "Size Label": "ea"}, {"Category": "Ice Cream & Desserts", "Aisle": "Frozen", "Sku": "20420070_EA", "Regular Price": "None", "Sale Price": "21.99", "Image": "https://assets.shop.loblaws.ca/products/20420070/b1/en/front/20420070_front_a01_@2.png", "Brand": "Nestl\u00e9", "Url": "https://www.maxi.ca/drumstick-vanilla-fudge-vanilla-caramel/p/20420070_EA", "Sub Category": null, "English Name": "Drumstick, Vanilla Fudge/Vanilla Caramel", "Size": "18x140.0 ml", "Size Label": "ea"}, {"Category": "Ice Cream & Desserts", "Aisle": "Frozen", "Sku": "20301305004_EA", "Regular Price": "4.29", "Sale Price": "3.99", "Image": "https://assets.shop.loblaws.ca/products/20301305004/b1/en/front/20301305004_front_a01_@2.png", "Brand": "Breyers", "Url": "https://www.maxi.ca/neapolitan-frozen-dessert-with-rich-cocoa-natural/p/20301305004_EA", "Sub Category": null, "English Name": "Neapolitan Frozen Dessert with rich cocoa, natural vanilla & real strawberries ", "Size": "1.66 l", "Size Label": "ea"}, {"Category": "Ice Cream & Desserts", "Aisle": "Frozen", "Sku": "20322380001_EA", "Regular Price": "None", "Sale Price": "7.29", "Image": "https://assets.shop.loblaws.ca/products/20322380001/b1/en/front/20322380001_front_a01_@2.png", "Brand": "Nestl\u00e9", "Url": "https://www.maxi.ca/drumstick-vanilla-caramel/p/20322380001_EA", "Sub Category": null, "English Name": "Drumstick Vanilla Caramel", "Size": "4x140.0 ml", "Size Label": "ea"}, {"Category": "Ice Cream & Desserts", "Aisle": "Frozen", "Sku": "20323757004_EA", "Regular Price": "4.29", "Sale Price": "3.49", "Image": "https://assets.shop.loblaws.ca/products/20323757004/b1/en/front/20323757004_front_a01_@2.png", "Brand": "Chapmans", "Url": "https://www.maxi.ca/premuim-canadian-collection-creamy-milk-chocolate/p/20323757004_EA", "Sub Category": null, "English Name": "Premuim Canadian Collection Creamy Milk Chocolate and Vanilla Bars", "Size": "8x55.0 ml", "Size Label": "ea"}, {"Category": "Ice Cream & Desserts", "Aisle": "Frozen", "Sku": "21020136_EA", "Regular Price": "None", "Sale Price": "6.79", "Image": "https://assets.shop.loblaws.ca/products/21020136/b1/en/front/21020136_front_a01_@2.png", "Brand": "Binggrae", "Url": "https://www.maxi.ca/melona-frozen-dessert-bars-mango/p/21020136_EA", "Sub Category": null, "English Name": "Melona Frozen Dessert Bars Mango", "Size": "560 ml", "Size Label": "ea"}, {"Category": "Ice Cream & Desserts", "Aisle": "Frozen", "Sku": "20113422001_EA", "Regular Price": "None", "Sale Price": "4.29", "Image": "https://assets.shop.loblaws.ca/products/20113422001/b1/en/front/20113422001_front_a01_@2.png", "Brand": "No Name", "Url": "https://www.maxi.ca/whipped-topping/p/20113422001_EA", "Sub Category": null, "English Name": "Whipped Topping", "Size": "1 l", "Size Label": "ea"}, {"Category": "Ice Cream & Desserts", "Aisle": "Frozen", "Sku": "21020135_EA", "Regular Price": "None", "Sale Price": "6.79", "Image": "https://assets.shop.loblaws.ca/products/21020135/b1/en/front/21020135_front_a01_@2.png", "Brand": "Binggrae", "Url": "https://www.maxi.ca/melona-frozen-dessert-bars-honeydew-melon/p/21020135_EA", "Sub Category": null, "English Name": "Melona Frozen Dessert Bars Honeydew Melon", "Size": "560 ml", "Size Label": "ea"}, {"Category": "Ice Cream & Desserts", "Aisle": "Frozen", "Sku": "20323573001_EA", "Regular Price": "None", "Sale Price": "7.99", "Image": "https://assets.shop.loblaws.ca/products/20323573001/b1/en/front/20323573001_front_a01_@2.png", "Brand": "Chapmans", "Url": "https://www.maxi.ca/premium-french-vanilla/p/20323573001_EA", "Sub Category": null, "English Name": "Premium French Vanilla", "Size": "2 l", "Size Label": "ea"}, {"Category": "Ice Cream & Desserts", "Aisle": "Frozen", "Sku": "20763171_EA", "Regular Price": "None", "Sale Price": "5.49", "Image": "https://assets.shop.loblaws.ca/products/20763171/b1/en/front/20763171_front_a01_@2.png", "Brand": "The Original", "Url": "https://www.maxi.ca/fudgsicle-frozen-dairy-dessert-bars-with-malt-coco/p/20763171_EA", "Sub Category": null, "English Name": "Fudgsicle Frozen Dairy Dessert Bars with malt, cocoa and quality milk", "Size": "720 ml", "Size Label": "ea"}, {"Category": "Ice Cream & Desserts", "Aisle": "Frozen", "Sku": "20538593001_EA", "Regular Price": "None", "Sale Price": "6.99", "Image": "https://assets.shop.loblaws.ca/products/20538593001/b1/en/front/20538593001_front_a01_@2.png", "Brand": "PC Blue Menu", "Url": "https://www.maxi.ca/fudge-smoothie-frozen-dairy-dessert-bars/p/20538593001_EA", "Sub Category": null, "English Name": "Fudge Smoothie Frozen Dairy Dessert Bars", "Size": "6x80.0 ml", "Size Label": "ea"}, {"Category": "Ice Cream & Desserts", "Aisle": "Frozen", "Sku": "20343500005_EA", "Regular Price": "4.49", "Sale Price": "3.99", "Image": "https://assets.shop.loblaws.ca/products/20343500005/b1/en/front/20343500005_front_a01_@2.png", "Brand": "Popsicle", "Url": "https://www.maxi.ca/firecracker-ice-pops-cherry-lemon-blue-raspberry/p/20343500005_EA", "Sub Category": null, "English Name": "Firecracker Ice Pops Cherry, Lemon, & Blue Raspberry ", "Size": "12x50.0 ml", "Size Label": "ea"}, {"Category": "Ice Cream & Desserts", "Aisle": "Frozen", "Sku": "21355608_EA", "Regular Price": "None", "Sale Price": "5.29", "Image": "https://assets.shop.loblaws.ca/products/21355608/b1/en/front/21355608_front_a01_@2.png", "Brand": "Breyers", "Url": "https://www.maxi.ca/ice-cream-frozen-dessert-creamsicle/p/21355608_EA", "Sub Category": null, "English Name": "Ice Cream Frozen Dessert Creamsicle ", "Size": "1.66 l", "Size Label": "ea"}, {"Category": "Ice Cream & Desserts", "Aisle": "Frozen", "Sku": "20347400002_EA", "Regular Price": "None", "Sale Price": "10.00", "Image": "https://assets.shop.loblaws.ca/products/20347400002/b1/en/front/20347400002_front_a01_@2.png", "Brand": "No Name", "Url": "https://www.maxi.ca/ice-milk-fudge-bars/p/20347400002_EA", "Sub Category": null, "English Name": "Ice Milk Fudge Bars", "Size": "30x60.0 ml", "Size Label": "ea"}, {"Category": "Ice Cream & Desserts", "Aisle": "Frozen", "Sku": "20031065001_EA", "Regular Price": "None", "Sale Price": "5.99", "Image": "https://assets.shop.loblaws.ca/products/20031065001/b1/en/front/20031065001_front_a01_@2.png", "Brand": "No Name", "Url": "https://www.maxi.ca/space-pops/p/20031065001_EA", "Sub Category": null, "English Name": "Space Pops", "Size": "30x75.0 ml", "Size Label": "ea"}, {"Category": "Ice Cream & Desserts", "Aisle": "Frozen", "Sku": "20310132002_EA", "Regular Price": "None", "Sale Price": "7.99", "Image": "https://assets.shop.loblaws.ca/products/20310132002/b1/en/front/20310132002_front_a01_@2.png", "Brand": "McCain", "Url": "https://www.maxi.ca/deep-n-delicious-chocolate-cake/p/20310132002_EA", "Sub Category": null, "English Name": "Deep 'n Delicious Chocolate Cake", "Size": "510 g", "Size Label": "ea"}, {"Category": "Ice Cream & Desserts", "Aisle": "Frozen", "Sku": "21513347_EA", "Regular Price": "None", "Sale Price": "4.99", "Image": "https://assets.shop.loblaws.ca/products/21513347/b1/en/front/21513347_front_a01_@2.png", "Brand": "Haagen Dazs", "Url": "https://www.maxi.ca/strawberry-ice-cream/p/21513347_EA", "Sub Category": null, "English Name": "Strawberry Ice Cream", "Size": "450 ml", "Size Label": "ea"}, {"Category": "Ice Cream & Desserts", "Aisle": "Frozen", "Sku": "20322380003_EA", "Regular Price": "None", "Sale Price": "7.29", "Image": "https://assets.shop.loblaws.ca/products/20322380003/b1/en/front/20322380003_front_a01_@2.png", "Brand": "Nestl\u00e9", "Url": "https://www.maxi.ca/drumstick-vanilla/p/20322380003_EA", "Sub Category": null, "English Name": "Drumstick Vanilla", "Size": "4x140.0 ml", "Size Label": "ea"}, {"Category": "Ice Cream & Desserts", "Aisle": "Frozen", "Sku": "21162997_EA", "Regular Price": "None", "Sale Price": "7.29", "Image": "https://assets.shop.loblaws.ca/products/21162997/b1/en/front/21162997_front_a01_@2.png", "Brand": "Nestl\u00e9", "Url": "https://www.maxi.ca/drumstick-rolo-cones/p/21162997_EA", "Sub Category": null, "English Name": "DRUMSTICK ROLO Cones", "Size": "4x135.0 ml", "Size Label": "ea"}, {"Category": "Ice Cream & Desserts", "Aisle": "Frozen", "Sku": "20030369002_EA", "Regular Price": "None", "Sale Price": "4.99", "Image": "https://assets.shop.loblaws.ca/products/20030369002/b1/en/front/20030369002_front_a01_@2.png", "Brand": "Cool Whip", "Url": "https://www.maxi.ca/light-frozen-whipped-topping/p/20030369002_EA", "Sub Category": null, "English Name": "Light Frozen Whipped Topping", "Size": "1 l", "Size Label": "ea"}, {"Category": "Ice Cream & Desserts", "Aisle": "Frozen", "Sku": "20031065002_EA", "Regular Price": "None", "Sale Price": "5.99", "Image": "https://assets.shop.loblaws.ca/products/20031065002/b1/en/front/20031065002_front_a01_@2.png", "Brand": "No Name", "Url": "https://www.maxi.ca/ice-pops/p/20031065002_EA", "Sub Category": null, "English Name": "Ice Pops", "Size": "30x75.0 ml", "Size Label": "ea"}, {"Category": "Ice Cream & Desserts", "Aisle": "Frozen", "Sku": "21513506_EA", "Regular Price": "None", "Sale Price": "4.99", "Image": "https://assets.shop.loblaws.ca/products/21513506/b1/en/front/21513506_front_a01_@2.png", "Brand": "Haagen Dazs", "Url": "https://www.maxi.ca/coffee-ice-cream/p/21513506_EA", "Sub Category": null, "English Name": "Coffee Ice Cream", "Size": "450 ml", "Size Label": "ea"}, {"Category": "Ice Cream & Desserts", "Aisle": "Frozen", "Sku": "20344925003_EA", "Regular Price": "None", "Sale Price": "8.99", "Image": "https://assets.shop.loblaws.ca/products/20344925003/b1/en/front/20344925003_front_a01_@2.png", "Brand": "Breyers", "Url": "https://www.maxi.ca/creamery-style-ice-cream-neapolitan/p/20344925003_EA", "Sub Category": null, "English Name": "Creamery Style Ice Cream, Neapolitan", "Size": "1.66 l", "Size Label": "ea"}, {"Category": "Ice Cream & Desserts", "Aisle": "Frozen", "Sku": "20695209_EA", "Regular Price": "None", "Sale Price": "6.29", "Image": "https://assets.shop.loblaws.ca/products/20695209/b1/en/front/20695209_front_a01_@2.png", "Brand": "Elite", "Url": "https://www.maxi.ca/cake/p/20695209_EA", "Sub Category": null, "English Name": "Cake ", "Size": "380 g", "Size Label": "ea"}, {"Category": "Ice Cream & Desserts", "Aisle": "Frozen", "Sku": "21221405_EA", "Regular Price": "None", "Sale Price": "5.99", "Image": "https://assets.shop.loblaws.ca/products/21221405/b1/en/front/21221405_front_a01_@2.png", "Brand": "President's Choice", "Url": "https://www.maxi.ca/salted-caramel-mochi/p/21221405_EA", "Sub Category": null, "English Name": "Salted Caramel Mochi", "Size": "6x35.0 ml", "Size Label": "ea"}, {"Category": "Ice Cream & Desserts", "Aisle": "Frozen", "Sku": "21507016_EA", "Regular Price": "None", "Sale Price": "5.99", "Image": "https://assets.shop.loblaws.ca/products/21507016/b1/en/front/21507016_front_a01_@2.png", "Brand": "President's Choice", "Url": "https://www.maxi.ca/peanut-butter-chocolate-cookie-dough-ice-cream-bit/p/21507016_EA", "Sub Category": null, "English Name": "Peanut Butter & Chocolate Cookie Dough Ice Cream Bites", "Size": "180 ml", "Size Label": "ea"}, {"Category": "Ice Cream & Desserts", "Aisle": "Frozen", "Sku": "20950845_EA", "Regular Price": "4.49", "Sale Price": "3.99", "Image": "https://assets.shop.loblaws.ca/products/20950845/b1/en/front/20950845_front_a01_@2.png", "Brand": "Popsicle", "Url": "https://www.maxi.ca/ice-pop-orange-cherry-grape-sweet-treat-made-with/p/20950845_EA", "Sub Category": null, "English Name": "Ice Pop Orange, Cherry, Grape sweet treat made with natural colours and flavours", "Size": "12x48.0 g", "Size Label": "ea"}, {"Category": "Ice Cream & Desserts", "Aisle": "Frozen", "Sku": "20320664007_EA", "Regular Price": "None", "Sale Price": "5.99", "Image": "https://assets.shop.loblaws.ca/products/20320664007/b1/en/front/20320664007_front_a01_@2.png", "Brand": "Coaticook", "Url": "https://www.maxi.ca/ice-cream-old-fashioned-strawberry/p/20320664007_EA", "Sub Category": null, "English Name": "Ice Cream Old-fashioned, Strawberry", "Size": "2 l", "Size Label": "ea"}, {"Category": "Ice Cream & Desserts", "Aisle": "Frozen", "Sku": "20320664001_EA", "Regular Price": "None", "Sale Price": "5.99", "Image": "https://assets.shop.loblaws.ca/products/20320664001/b1/en/front/20320664001_front_a01_@2.png", "Brand": "Coaticook", "Url": "https://www.maxi.ca/old-fashioned-ice-cream-vanilla/p/20320664001_EA", "Sub Category": null, "English Name": "Old-fashioned Ice Cream, Vanilla", "Size": "2 l", "Size Label": "ea"}, {"Category": "Ice Cream & Desserts", "Aisle": "Frozen", "Sku": "21358665_EA", "Regular Price": "None", "Sale Price": "7.79", "Image": "https://assets.shop.loblaws.ca/products/21358665/b1/en/front/21358665_front_a01_@2.png", "Brand": "Del Monte", "Url": "https://www.maxi.ca/real-banana-1-2-dipped-chocolate/p/21358665_EA", "Sub Category": null, "English Name": "Real Banana 1/2 Dipped Chocolate", "Size": "10x50.0 ml", "Size Label": "ea"}, {"Category": "Ice Cream & Desserts", "Aisle": "Frozen", "Sku": "21161183_EA", "Regular Price": "None", "Sale Price": "4.99", "Image": "https://assets.shop.loblaws.ca/products/21161183/b1/en/front/21161183_front_a01_@2.png", "Brand": "Chapmans", "Url": "https://www.maxi.ca/lolly-rocket-assorted/p/21161183_EA", "Sub Category": null, "English Name": "Lolly Rocket Assorted", "Size": "28x50.0 ml", "Size Label": "ea"}, {"Category": "Ice Cream & Desserts", "Aisle": "Frozen", "Sku": "21477873_EA", "Regular Price": "None", "Sale Price": "7.99", "Image": "https://assets.shop.loblaws.ca/products/21477873/b1/en/front/21477873_front_a01_@2.png", "Brand": "McCain", "Url": "https://www.maxi.ca/deep-n-delicious-minis-cookie-crumble-cake-cups-4/p/21477873_EA", "Sub Category": null, "English Name": "Deep'n Delicious\u00ae MINIS Cookie Crumble Cake Cups, 4-pk", "Size": "340 g", "Size Label": "ea"}, {"Category": "Ice Cream & Desserts", "Aisle": "Frozen", "Sku": "20314434013_EA", "Regular Price": "None", "Sale Price": "6.99", "Image": "https://assets.shop.loblaws.ca/products/20314434013/b1/en/front/20314434013_front_a01_@2.png", "Brand": "Chapmans", "Url": "https://www.maxi.ca/yogurt-black-jack-cherry/p/20314434013_EA", "Sub Category": null, "English Name": "Yogurt Black Jack Cherry", "Size": "2 l", "Size Label": "ea"}, {"Category": "Ice Cream & Desserts", "Aisle": "Frozen", "Sku": "21218571_EA", "Regular Price": "None", "Sale Price": "5.99", "Image": "https://assets.shop.loblaws.ca/products/21218571/b1/en/front/21218571_front_a01_@2.png", "Brand": "Chapmans", "Url": "https://www.maxi.ca/yukon-chocolate-fudge-sandwich/p/21218571_EA", "Sub Category": null, "English Name": "Yukon Chocolate Fudge Sandwich", "Size": "8x150.0 ml", "Size Label": "ea"}, {"Category": "Ice Cream & Desserts", "Aisle": "Frozen", "Sku": "20320664013_EA", "Regular Price": "None", "Sale Price": "5.99", "Image": "https://assets.shop.loblaws.ca/products/20320664013/b1/en/front/20320664013_front_a01_@2.png", "Brand": "Coaticook", "Url": "https://www.maxi.ca/ice-cream-old-fashioned-maple-sugar/p/20320664013_EA", "Sub Category": null, "English Name": "Ice Cream Old-fashioned, Maple Sugar", "Size": "2 l", "Size Label": "ea"}, {"Category": "Ice Cream & Desserts", "Aisle": "Frozen", "Sku": "21160733_EA", "Regular Price": "None", "Sale Price": "5.99", "Image": "https://assets.shop.loblaws.ca/products/21160733/b1/en/front/21160733_front_a01_@2.png", "Brand": "Chapmans", "Url": "https://www.maxi.ca/yukon-cookies-cream-moose-sandwich/p/21160733_EA", "Sub Category": null, "English Name": "Yukon Cookies & Cream Moose Sandwich", "Size": "8x150.0 ml", "Size Label": "ea"}, {"Category": "Ice Cream & Desserts", "Aisle": "Frozen", "Sku": "21013437_EA", "Regular Price": "None", "Sale Price": "10.00", "Image": "https://assets.shop.loblaws.ca/products/21013437/b1/en/front/21013437_front_a01_@2.png", "Brand": "No Name", "Url": "https://www.maxi.ca/chocolate-ice-cream-sandwiches/p/21013437_EA", "Sub Category": null, "English Name": "Chocolate Ice Cream Sandwiches", "Size": "24x120.0 ml", "Size Label": "ea"}, {"Category": "Ice Cream & Desserts", "Aisle": "Frozen", "Sku": "21013106_EA", "Regular Price": "None", "Sale Price": "10.00", "Image": "https://assets.shop.loblaws.ca/products/21013106/b1/en/front/21013106_front_a01_@2.png", "Brand": "No Name", "Url": "https://www.maxi.ca/chocolatey-chip-ice-cream-sandwiches/p/21013106_EA", "Sub Category": null, "English Name": "Chocolatey Chip Ice Cream Sandwiches", "Size": "24x120.0 ml", "Size Label": "ea"}, {"Category": "Ice Cream & Desserts", "Aisle": "Frozen", "Sku": "20302298007_EA", "Regular Price": "None", "Sale Price": "4.99", "Image": "https://assets.shop.loblaws.ca/products/20302298007/b1/en/front/20302298007_front_a01_@2.png", "Brand": "Haagen Dazs", "Url": "https://www.maxi.ca/salted-caramel-ice-cream-bars/p/20302298007_EA", "Sub Category": null, "English Name": "Salted Caramel Ice Cream Bars", "Size": "3x88.0 ml", "Size Label": "ea"}, {"Category": "Ice Cream & Desserts", "Aisle": "Frozen", "Sku": "21162841_EA", "Regular Price": "None", "Sale Price": "7.99", "Image": "https://assets.shop.loblaws.ca/products/21162841/b1/en/front/21162841_front_a01_@2.png", "Brand": "Cadbury", "Url": "https://www.maxi.ca/caramilk-frozen-dessert/p/21162841_EA", "Sub Category": null, "English Name": "CARAMILK Frozen Dessert", "Size": "1.5 l", "Size Label": "ea"}, {"Category": "Ice Cream & Desserts", "Aisle": "Frozen", "Sku": "20793444001_EA", "Regular Price": "None", "Sale Price": "5.99", "Image": "https://assets.shop.loblaws.ca/products/20793444001/b1/en/front/20793444001_front_a01_@2.png", "Brand": "No Name", "Url": "https://www.maxi.ca/chocolate-ice-milk/p/20793444001_EA", "Sub Category": null, "English Name": "Chocolate Ice Milk ", "Size": "4 l", "Size Label": "ea"}, {"Category": "Ice Cream & Desserts", "Aisle": "Frozen", "Sku": "20079202_EA", "Regular Price": "None", "Sale Price": "13.99", "Image": "https://assets.shop.loblaws.ca/products/20079202/b1/en/front/20079202_front_a01_@2.png", "Brand": "President's Choice", "Url": "https://www.maxi.ca/profiteroles/p/20079202_EA", "Sub Category": null, "English Name": "Profiteroles", "Size": "625 g", "Size Label": "ea"}, {"Category": "Ice Cream & Desserts", "Aisle": "Frozen", "Sku": "20015284001_EA", "Regular Price": "None", "Sale Price": "5.99", "Image": "https://assets.shop.loblaws.ca/products/20015284001/b1/en/front/20015284001_front_a01_@2.png", "Brand": "No Name", "Url": "https://www.maxi.ca/butterscotch-ripple-ice-milk/p/20015284001_EA", "Sub Category": null, "English Name": "Butterscotch Ripple Ice Milk", "Size": "4 l", "Size Label": "ea"}, {"Category": "Ice Cream & Desserts", "Aisle": "Frozen", "Sku": "21218580_EA", "Regular Price": "None", "Sale Price": "5.99", "Image": "https://assets.shop.loblaws.ca/products/21218580/b1/en/front/21218580_front_a01_@2.png", "Brand": "Chapmans", "Url": "https://www.maxi.ca/yukon-ice-cream-double-the-dip-with-milk-chocolate/p/21218580_EA", "Sub Category": null, "English Name": "Yukon Ice Cream Double the Dip with Milk Chocolate", "Size": "5x140.0 ml", "Size Label": "ea"}, {"Category": "Ice Cream & Desserts", "Aisle": "Frozen", "Sku": "21506998_EA", "Regular Price": "None", "Sale Price": "5.99", "Image": "https://assets.shop.loblaws.ca/products/21506998/b1/en/front/21506998_front_a01_@2.png", "Brand": "President's Choice", "Url": "https://www.maxi.ca/cookie-dough-vanilla-chocolate-chip-ice-cream-bite/p/21506998_EA", "Sub Category": null, "English Name": "Cookie Dough Vanilla Chocolate Chip Ice Cream Bites", "Size": "180 ml", "Size Label": "ea"}, {"Category": "Ice Cream & Desserts", "Aisle": "Frozen", "Sku": "21221432_EA", "Regular Price": "None", "Sale Price": "4.99", "Image": "https://assets.shop.loblaws.ca/products/21221432/b1/en/front/21221432_front_a01_@2.png", "Brand": "President's Choice", "Url": "https://www.maxi.ca/banana-split-ice-cream/p/21221432_EA", "Sub Category": null, "English Name": "Banana Split Ice Cream", "Size": "946 ml", "Size Label": "ea"}, {"Category": "Ice Cream & Desserts", "Aisle": "Frozen", "Sku": "20529120001_EA", "Regular Price": "None", "Sale Price": "7.49", "Image": "https://assets.shop.loblaws.ca/products/20529120001/b1/en/front/20529120001_front_a01_@2.png", "Brand": "Chapmans", "Url": "https://www.maxi.ca/sorbet-rainbow/p/20529120001_EA", "Sub Category": null, "English Name": "Sorbet Rainbow", "Size": "2 l", "Size Label": "ea"}, {"Category": "Ice Cream & Desserts", "Aisle": "Frozen", "Sku": "20853813_EA", "Regular Price": "None", "Sale Price": "7.49", "Image": "https://assets.shop.loblaws.ca/products/20853813/b1/en/front/20853813_front_a01_@2.png", "Brand": "Chapmans", "Url": "https://www.maxi.ca/sammich-vanilla/p/20853813_EA", "Sub Category": null, "English Name": "Sammich Vanilla", "Size": "20x60.0 ml", "Size Label": "ea"}, {"Category": "Ice Cream & Desserts", "Aisle": "Frozen", "Sku": "21082109_EA", "Regular Price": "None", "Sale Price": "6.99", "Image": "https://assets.shop.loblaws.ca/products/21082109/b1/en/front/21082109_front_a01_@2.png", "Brand": "Chapmans", "Url": "https://www.maxi.ca/cookies-cream/p/21082109_EA", "Sub Category": null, "English Name": "Cookies & Cream", "Size": "2 l", "Size Label": "ea"}, {"Category": "Ice Cream & Desserts", "Aisle": "Frozen", "Sku": "21077477_EA", "Regular Price": "None", "Sale Price": "4.99", "Image": "https://assets.shop.loblaws.ca/products/21077477/b1/en/front/21077477_front_a01_@2.png", "Brand": "President's Choice", "Url": "https://www.maxi.ca/rocky-road-mini-ice-cream-bars/p/21077477_EA", "Sub Category": null, "English Name": "Rocky Road Mini Ice Cream Bars", "Size": "330 ml", "Size Label": "ea"}, {"Category": "Ice Cream & Desserts", "Aisle": "Frozen", "Sku": "20599530_EA", "Regular Price": "None", "Sale Price": "18.99", "Image": "https://assets.shop.loblaws.ca/products/20599530/b1/en/front/20599530_front_a01_@2.png", "Brand": "President's Choice", "Url": "https://www.maxi.ca/sliced-cheesecake-selection-12-slices/p/20599530_EA", "Sub Category": null, "English Name": "Sliced Cheesecake Selection, 12 slices", "Size": "1 kg", "Size Label": "ea"}, {"Category": "Ice Cream & Desserts", "Aisle": "Frozen", "Sku": "20320664014_EA", "Regular Price": "None", "Sale Price": "5.99", "Image": "https://assets.shop.loblaws.ca/products/20320664014/b1/en/front/20320664014_front_a01_@2.png", "Brand": "Coaticook", "Url": "https://www.maxi.ca/ice-cream-old-fashioned-pistachio/p/20320664014_EA", "Sub Category": null, "English Name": "Ice Cream Old-fashioned, Pistachio", "Size": "2 l", "Size Label": "ea"}, {"Category": "Ice Cream & Desserts", "Aisle": "Frozen", "Sku": "21219788_EA", "Regular Price": "None", "Sale Price": "7.79", "Image": "https://assets.shop.loblaws.ca/products/21219788/b1/en/front/21219788_front_a01_@2.png", "Brand": "Christie", "Url": "https://www.maxi.ca/frozen-dessert-bars/p/21219788_EA", "Sub Category": null, "English Name": "Frozen Dessert Bars", "Size": "72 ml", "Size Label": "ea"}, {"Category": "Ice Cream & Desserts", "Aisle": "Frozen", "Sku": "21162960_EA", "Regular Price": "None", "Sale Price": "7.79", "Image": "https://assets.shop.loblaws.ca/products/21162960/b1/en/front/21162960_front_a01_@2.png", "Brand": "Cadbury", "Url": "https://www.maxi.ca/caramilk-frozen-dessert-bars/p/21162960_EA", "Sub Category": null, "English Name": "Caramilk Frozen Dessert Bars", "Size": "5x80.0 ml", "Size Label": "ea"}, {"Category": "Ice Cream & Desserts", "Aisle": "Frozen", "Sku": "20800613_EA", "Regular Price": "None", "Sale Price": "3.99", "Image": "https://assets.shop.loblaws.ca/products/20800613/b1/en/front/20800613_front_a01_@2.png", "Brand": "President's Choice", "Url": "https://www.maxi.ca/the-decadent-molten-chocolate-cakes/p/20800613_EA", "Sub Category": null, "English Name": "The Decadent Molten Chocolate Cakes", "Size": "216 g", "Size Label": "ea"}, {"Category": "Ice Cream & Desserts", "Aisle": "Frozen", "Sku": "21513516_EA", "Regular Price": "None", "Sale Price": "4.99", "Image": "https://assets.shop.loblaws.ca/products/21513516/b1/en/front/21513516_front_a01_@2.png", "Brand": "Haagen Dazs", "Url": "https://www.maxi.ca/chocolate-ice-cream/p/21513516_EA", "Sub Category": null, "English Name": "Chocolate Ice Cream", "Size": "450 ml", "Size Label": "ea"}, {"Category": "Ice Cream & Desserts", "Aisle": "Frozen", "Sku": "21358979_EA", "Regular Price": "None", "Sale Price": "4.99", "Image": "https://assets.shop.loblaws.ca/products/21358979/b1/en/front/21358979_front_a01_@2.png", "Brand": "Haagen Dazs", "Url": "https://www.maxi.ca/ice-cream-chocolate-hazelnut-novelty/p/21358979_EA", "Sub Category": null, "English Name": "Ice Cream Chocolate Hazelnut Novelty ", "Size": "3x88.0 ml", "Size Label": "ea"}, {"Category": "Ice Cream & Desserts", "Aisle": "Frozen", "Sku": "20035860_EA", "Regular Price": "None", "Sale Price": "10.99", "Image": "https://assets.shop.loblaws.ca/products/20035860/b1/en/front/20035860_front_a01_@2.png", "Brand": "President's Choice", "Url": "https://www.maxi.ca/key-lime-pie/p/20035860_EA", "Sub Category": null, "English Name": "Key Lime Pie", "Size": "830 g", "Size Label": "ea"}, {"Category": "Ice Cream & Desserts", "Aisle": "Frozen", "Sku": "21167196_EA", "Regular Price": "None", "Sale Price": "6.49", "Image": "https://assets.shop.loblaws.ca/products/21167196/b1/en/front/21167196_front_a01_@2.png", "Brand": "Festin", "Url": "https://www.maxi.ca/banana/p/21167196_EA", "Sub Category": null, "English Name": "Banana", "Size": "2 l", "Size Label": "ea"}, {"Category": "Ice Cream & Desserts", "Aisle": "Frozen", "Sku": "20323573013_EA", "Regular Price": "None", "Sale Price": "7.99", "Image": "https://assets.shop.loblaws.ca/products/20323573013/b1/en/front/20323573013_front_a01_@2.png", "Brand": "Chapmans", "Url": "https://www.maxi.ca/premium-black-cherry/p/20323573013_EA", "Sub Category": null, "English Name": "Premium Black Cherry", "Size": "2 l", "Size Label": "ea"}, {"Category": "Ice Cream & Desserts", "Aisle": "Frozen", "Sku": "20319300006_EA", "Regular Price": "None", "Sale Price": "5.79", "Image": "https://assets.shop.loblaws.ca/products/20319300006/b1/en/front/20319300006_front_a01_@2.png", "Brand": "President's Choice", "Url": "https://www.maxi.ca/neapolitan-ice-cream/p/20319300006_EA", "Sub Category": null, "English Name": "Neapolitan Ice Cream", "Size": "1.65 l", "Size Label": "ea"}, {"Category": "Ice Cream & Desserts", "Aisle": "Frozen", "Sku": "21167338_EA", "Regular Price": "None", "Sale Price": "5.99", "Image": "https://assets.shop.loblaws.ca/products/21167338/b1/en/front/21167338_front_a01_@2.png", "Brand": "President's Choice", "Url": "https://www.maxi.ca/strawberry-mochi/p/21167338_EA", "Sub Category": null, "English Name": "Strawberry Mochi ", "Size": "6x35.0 ml", "Size Label": "ea"}, {"Category": "Ice Cream & Desserts", "Aisle": "Frozen", "Sku": "20072328001_EA", "Regular Price": "None", "Sale Price": "7.49", "Image": "https://assets.shop.loblaws.ca/products/20072328001/b1/en/front/20072328001_front_a01_@2.png", "Brand": "Chapmans", "Url": "https://www.maxi.ca/yogurt-frosty-bar/p/20072328001_EA", "Sub Category": null, "English Name": "Yogurt Frosty Bar", "Size": "18x75.0 ml", "Size Label": "ea"}, {"Category": "Ice Cream & Desserts", "Aisle": "Frozen", "Sku": "20684180_EA", "Regular Price": "None", "Sale Price": "5.49", "Image": "https://assets.shop.loblaws.ca/products/20684180/b1/en/front/20684180_front_a01_@2.png", "Brand": "The Original", "Url": "https://www.maxi.ca/revello-frozen-dairy-dessert-bars-natural-flavours/p/20684180_EA", "Sub Category": null, "English Name": "Revello Frozen Dairy Dessert Bars natural flavours and quality milk", "Size": "12x60.0 ml", "Size Label": "ea"}, {"Category": "Ice Cream & Desserts", "Aisle": "Frozen", "Sku": "20319168004_EA", "Regular Price": "None", "Sale Price": "6.49", "Image": "https://assets.shop.loblaws.ca/products/20319168004/b1/en/front/20319168004_front_a01_@2.png", "Brand": "La Baie", "Url": "https://www.maxi.ca/ice-cream-maple/p/20319168004_EA", "Sub Category": null, "English Name": "Ice Cream, Maple", "Size": "2 l", "Size Label": "ea"}, {"Category": "Ice Cream & Desserts", "Aisle": "Frozen", "Sku": "20950639_EA", "Regular Price": "None", "Sale Price": "7.99", "Image": "https://assets.shop.loblaws.ca/products/20950639/b1/en/front/20950639_front_a01_@2.png", "Brand": "Chapmans", "Url": "https://www.maxi.ca/premium-caramel-saucy-spots/p/20950639_EA", "Sub Category": null, "English Name": "Premium Caramel Saucy Spots", "Size": "2 l", "Size Label": "ea"}, {"Category": "Ice Cream & Desserts", "Aisle": "Frozen", "Sku": "20314434001_EA", "Regular Price": "None", "Sale Price": "6.99", "Image": "https://assets.shop.loblaws.ca/products/20314434001/b1/en/front/20314434001_front_a01_@2.png", "Brand": "Chapmans", "Url": "https://www.maxi.ca/frozen-yogurt-vanilla/p/20314434001_EA", "Sub Category": null, "English Name": "Frozen Yogurt, Vanilla", "Size": "2 l", "Size Label": "ea"}, {"Category": "Ice Cream & Desserts", "Aisle": "Frozen", "Sku": "20949266_EA", "Regular Price": "4.49", "Sale Price": "3.99", "Image": "https://assets.shop.loblaws.ca/products/20949266/b1/en/front/20949266_front_a01_@2.png", "Brand": "Popsicle", "Url": "https://www.maxi.ca/ice-pops-tropical-paradise/p/20949266_EA", "Sub Category": null, "English Name": "Ice Pops Tropical Paradise", "Size": "12 ea", "Size Label": "ea"}, {"Category": "Ice Cream & Desserts", "Aisle": "Frozen", "Sku": "20839325002_EA", "Regular Price": "None", "Sale Price": "6.99", "Image": "https://assets.shop.loblaws.ca/products/20839325002/b1/en/front/20839325002_front_a01_@2.png", "Brand": "PC Blue Menu", "Url": "https://www.maxi.ca/strawberry-vanilla-kefir-smoothie-bars/p/20839325002_EA", "Sub Category": null, "English Name": "Strawberry Vanilla Kefir Smoothie Bars", "Size": "480 ml", "Size Label": "ea"}, {"Category": "Ice Cream & Desserts", "Aisle": "Frozen", "Sku": "21475535_EA", "Regular Price": "None", "Sale Price": "5.00", "Image": "https://assets.shop.loblaws.ca/products/21475535/b1/en/front/21475535_front_a01_@2.png", "Brand": null, "Url": "https://www.maxi.ca/creme-brulee/p/21475535_EA", "Sub Category": null, "English Name": "Creme Brulee", "Size": "206 g", "Size Label": "ea"}, {"Category": "Ice Cream & Desserts", "Aisle": "Frozen", "Sku": "21513555_EA", "Regular Price": "None", "Sale Price": "4.99", "Image": "https://assets.shop.loblaws.ca/products/21513555/b1/en/front/21513555_front_a01_@2.png", "Brand": "Haagen Dazs", "Url": "https://www.maxi.ca/vanilla-ice-cream/p/21513555_EA", "Sub Category": null, "English Name": "Vanilla Ice Cream", "Size": "450 ml", "Size Label": "ea"}, {"Category": "Ice Cream & Desserts", "Aisle": "Frozen", "Sku": "20302298005_EA", "Regular Price": "None", "Sale Price": "4.99", "Image": "https://assets.shop.loblaws.ca/products/20302298005/b1/en/front/20302298005_front_a01_@2.png", "Brand": "Haagen Dazs", "Url": "https://www.maxi.ca/vanilla-dark-ice-cream-bars/p/20302298005_EA", "Sub Category": null, "English Name": "Vanilla Dark Ice Cream Bars", "Size": "3x88.0 ml", "Size Label": "ea"}, {"Category": "Ice Cream & Desserts", "Aisle": "Frozen", "Sku": "20304623001_EA", "Regular Price": "None", "Sale Price": "7.79", "Image": "https://assets.shop.loblaws.ca/products/20304623001/b1/en/front/20304623001_front_a01_@2.png", "Brand": "Nestl\u00e9", "Url": "https://www.maxi.ca/oreo-sandwiches/p/20304623001_EA", "Sub Category": null, "English Name": "Oreo Sandwiches", "Size": "4x125.0 ml", "Size Label": "ea"}, {"Category": "Ice Cream & Desserts", "Aisle": "Frozen", "Sku": "21513648_EA", "Regular Price": "None", "Sale Price": "4.99", "Image": "https://assets.shop.loblaws.ca/products/21513648/b1/en/front/21513648_front_a01_@2.png", "Brand": "Haagen Dazs", "Url": "https://www.maxi.ca/dulce-de-leche-ice-cream/p/21513648_EA", "Sub Category": null, "English Name": "Dulce De Leche Ice Cream", "Size": "450 ml", "Size Label": "ea"}, {"Category": "Ice Cream & Desserts", "Aisle": "Frozen", "Sku": "20695206_EA", "Regular Price": "None", "Sale Price": "6.29", "Image": "https://assets.shop.loblaws.ca/products/20695206/b1/en/front/20695206_front_a01_@2.png", "Brand": "Elite", "Url": "https://www.maxi.ca/cadbury-caramilk-cake/p/20695206_EA", "Sub Category": null, "English Name": "Cadbury Caramilk Cake", "Size": "400 g", "Size Label": "ea"}, {"Category": "Ice Cream & Desserts", "Aisle": "Frozen", "Sku": "20347400001_EA", "Regular Price": "None", "Sale Price": "10.00", "Image": "https://assets.shop.loblaws.ca/products/20347400001/b1/en/front/20347400001_front_a01_@2.png", "Brand": "No Name", "Url": "https://www.maxi.ca/vanilla-ice-milk-bars/p/20347400001_EA", "Sub Category": null, "English Name": "Vanilla Ice Milk Bars", "Size": "30x60.0 ml", "Size Label": "ea"}, {"Category": "Ice Cream & Desserts", "Aisle": "Frozen", "Sku": "20793444002_EA", "Regular Price": "None", "Sale Price": "5.99", "Image": "https://assets.shop.loblaws.ca/products/20793444002/b1/en/front/20793444002_front_a01_@2.png", "Brand": "No Name", "Url": "https://www.maxi.ca/ice-milk-neapolitan-club-size/p/20793444002_EA", "Sub Category": null, "English Name": "Ice Milk Neapolitan Club Size", "Size": "4 l", "Size Label": "ea"}, {"Category": "Ice Cream & Desserts", "Aisle": "Frozen", "Sku": "21511147_EA", "Regular Price": "None", "Sale Price": "6.49", "Image": "https://assets.shop.loblaws.ca/products/21511147/b1/en/front/21511147_front_a01_@2.png", "Brand": "Chapmans", "Url": "https://www.maxi.ca/super-premium-plus-ice-cream-salty-caramel-crunch/p/21511147_EA", "Sub Category": null, "English Name": "Super Premium Plus Ice Cream Salty Caramel Crunch", "Size": "500 ml", "Size Label": "ea"}, {"Category": "Ice Cream & Desserts", "Aisle": "Frozen", "Sku": "20319168001_EA", "Regular Price": "None", "Sale Price": "6.49", "Image": "https://assets.shop.loblaws.ca/products/20319168001/b1/en/front/20319168001_front_a01_@2.png", "Brand": "La Baie", "Url": "https://www.maxi.ca/ice-cream-vanilla/p/20319168001_EA", "Sub Category": null, "English Name": "Ice Cream Vanilla", "Size": "2 l", "Size Label": "ea"}, {"Category": "Ice Cream & Desserts", "Aisle": "Frozen", "Sku": "20950270_EA", "Regular Price": "None", "Sale Price": "5.99", "Image": "https://assets.shop.loblaws.ca/products/20950270/b1/en/front/20950270_front_a01_@2.png", "Brand": "Chapmans", "Url": "https://www.maxi.ca/yukon-french-vanilla-moose-sandwich/p/20950270_EA", "Sub Category": null, "English Name": "Yukon French Vanilla Moose Sandwich", "Size": "8x150.0 ml", "Size Label": "ea"}, {"Category": "Ice Cream & Desserts", "Aisle": "Frozen", "Sku": "20604543004_EA", "Regular Price": "None", "Sale Price": "4.49", "Image": "https://assets.shop.loblaws.ca/products/20604543004/b1/en/front/20604543004_front_a01_@2.png", "Brand": "PC Black Label", "Url": "https://www.maxi.ca/madagascar-bourbon-vanilla-ice-cream/p/20604543004_EA", "Sub Category": null, "English Name": "Madagascar Bourbon Vanilla Ice Cream", "Size": "500 ml", "Size Label": "ea"}, {"Category": "Ice Cream & Desserts", "Aisle": "Frozen", "Sku": "21395368_EA", "Regular Price": "None", "Sale Price": "9.99", "Image": "https://assets.shop.loblaws.ca/products/21395368/b1/en/front/21395368_front_a01_@2.png", "Brand": "President's Choice", "Url": "https://www.maxi.ca/chocolate-caramel-pecan-cluster-new-york-style-che/p/21395368_EA", "Sub Category": null, "English Name": "Chocolate Caramel Pecan Cluster New York-Style Cheesecake", "Size": "600 g", "Size Label": "ea"}, {"Category": "Ice Cream & Desserts", "Aisle": "Frozen", "Sku": "20315564001_EA", "Regular Price": "None", "Sale Price": "7.49", "Image": "https://assets.shop.loblaws.ca/products/20315564001/b1/en/front/20315564001_front_a01_@2.png", "Brand": "Chapmans", "Url": "https://www.maxi.ca/no-sugar-added-vanilla/p/20315564001_EA", "Sub Category": null, "English Name": "No Sugar Added Vanilla", "Size": "1 l", "Size Label": "ea"}, {"Category": "Ice Cream & Desserts", "Aisle": "Frozen", "Sku": "20303840003_EA", "Regular Price": "None", "Sale Price": "4.49", "Image": "https://assets.shop.loblaws.ca/products/20303840003/b1/en/front/20303840003_front_a01_@2.png", "Brand": "Tenderflake", "Url": "https://www.maxi.ca/pie-shells-original/p/20303840003_EA", "Sub Category": null, "English Name": "Pie Shells, Original", "Size": "320 g", "Size Label": "ea"}, {"Category": "Ice Cream & Desserts", "Aisle": "Frozen", "Sku": "20343139002_EA", "Regular Price": "5.79", "Sale Price": "3.49", "Image": "https://assets.shop.loblaws.ca/products/20343139002/b1/en/front/20343139002_front_a01_@2.png", "Brand": "Chapmans", "Url": "https://www.maxi.ca/vanilla-yogurt-and-milk-chocolate/p/20343139002_EA", "Sub Category": null, "English Name": "Vanilla Yogurt and Milk Chocolate", "Size": "8x55.0 ml", "Size Label": "ea"}, {"Category": "Ice Cream & Desserts", "Aisle": "Frozen", "Sku": "20314434007_EA", "Regular Price": "None", "Sale Price": "6.99", "Image": "https://assets.shop.loblaws.ca/products/20314434007/b1/en/front/20314434007_front_a01_@2.png", "Brand": "Chapmans", "Url": "https://www.maxi.ca/yogurt-cappuccino/p/20314434007_EA", "Sub Category": null, "English Name": "Yogurt Cappuccino", "Size": "2 l", "Size Label": "ea"}, {"Category": "Ice Cream & Desserts", "Aisle": "Frozen", "Sku": "21012580_EA", "Regular Price": "None", "Sale Price": "6.99", "Image": "https://assets.shop.loblaws.ca/products/21012580/b1/en/front/21012580_front_a01_@2.png", "Brand": "Chapmans", "Url": "https://www.maxi.ca/saucy-vanilla-bean-salty-caramel-yogurt/p/21012580_EA", "Sub Category": null, "English Name": "Saucy Vanilla Bean & Salty Caramel Yogurt", "Size": "2 l", "Size Label": "ea"}, {"Category": "Ice Cream & Desserts", "Aisle": "Frozen", "Sku": "20315564001_EA", "Regular Price": "None", "Sale Price": "7.49", "Image": "https://assets.shop.loblaws.ca/products/20315564001/b1/en/front/20315564001_front_a01_@2.png", "Brand": "Chapmans", "Url": "https://www.maxi.ca/no-sugar-added-vanilla/p/20315564001_EA", "Sub Category": null, "English Name": "No Sugar Added Vanilla", "Size": "1 l", "Size Label": "ea"}, {"Category": "Ice Cream & Desserts", "Aisle": "Frozen", "Sku": "21476655_EA", "Regular Price": "None", "Sale Price": "5.00", "Image": "https://assets.shop.loblaws.ca/products/21476655/b1/en/front/21476655_front_a01_@2.png", "Brand": null, "Url": "https://www.maxi.ca/chocolate-ganache/p/21476655_EA", "Sub Category": null, "English Name": "Chocolate Ganache", "Size": "180 g", "Size Label": "ea"}, {"Category": "Ice Cream & Desserts", "Aisle": "Frozen", "Sku": "21470563_EA", "Regular Price": "None", "Sale Price": "5.99", "Image": "https://assets.shop.loblaws.ca/products/21470563/b1/en/front/21470563_front_a01_@2.png", "Brand": "President's Choice", "Url": "https://www.maxi.ca/plant-based-vanilla-delights/p/21470563_EA", "Sub Category": null, "English Name": "Plant Based Vanilla Delights", "Size": "180 g", "Size Label": "ea"}, {"Category": "Ice Cream & Desserts", "Aisle": "Frozen", "Sku": "21359075_EA", "Regular Price": "None", "Sale Price": "6.99", "Image": "https://assets.shop.loblaws.ca/products/21359075/b1/en/front/21359075_front_a01_@2.png", "Brand": "PC Blue Menu", "Url": "https://www.maxi.ca/strawberry-skyr-icelandic-style-lactose-free-froze/p/21359075_EA", "Sub Category": null, "English Name": "Strawberry Skyr Icelandic-Style Lactose Free Frozen Bars", "Size": "480 ml", "Size Label": "ea"}, {"Category": "Ice Cream & Desserts", "Aisle": "Frozen", "Sku": "20302298001_EA", "Regular Price": "None", "Sale Price": "4.99", "Image": "https://assets.shop.loblaws.ca/products/20302298001/b1/en/front/20302298001_front_a01_@2.png", "Brand": "Haagen Dazs", "Url": "https://www.maxi.ca/vanilla-almond-ice-cream-bars/p/20302298001_EA", "Sub Category": null, "English Name": "Vanilla Almond Ice Cream Bars", "Size": "3x88.0 ml", "Size Label": "ea"}, {"Category": "Ice Cream & Desserts", "Aisle": "Frozen", "Sku": "21358749_EA", "Regular Price": "None", "Sale Price": "7.29", "Image": "https://assets.shop.loblaws.ca/products/21358749/b1/en/front/21358749_front_a01_@2.png", "Brand": "Nestl\u00e9", "Url": "https://www.maxi.ca/drumstick-kitkat-frozen-dessert-cones/p/21358749_EA", "Sub Category": null, "English Name": "Drumstick KitKat Frozen Dessert Cones", "Size": "4x135.0 ml", "Size Label": "ea"}, {"Category": "Ice Cream & Desserts", "Aisle": "Frozen", "Sku": "20302298004_EA", "Regular Price": "None", "Sale Price": "4.99", "Image": "https://assets.shop.loblaws.ca/products/20302298004/b1/en/front/20302298004_front_a01_@2.png", "Brand": "Haagen Dazs", "Url": "https://www.maxi.ca/vanilla-milk-ice-cream-bars/p/20302298004_EA", "Sub Category": null, "English Name": "Vanilla Milk Ice Cream Bars", "Size": "3x88.0 ml", "Size Label": "ea"}, {"Category": "Ice Cream & Desserts", "Aisle": "Frozen", "Sku": "20324757003_EA", "Regular Price": "None", "Sale Price": "7.99", "Image": "https://assets.shop.loblaws.ca/products/20324757003/b1/en/front/20324757003_front_a01_@2.png", "Brand": "Christie", "Url": "https://www.maxi.ca/oreo-ice-cream/p/20324757003_EA", "Sub Category": null, "English Name": "Oreo Ice Cream", "Size": "1.5 l", "Size Label": "ea"}, {"Category": "Ice Cream & Desserts", "Aisle": "Frozen", "Sku": "21513244_EA", "Regular Price": "None", "Sale Price": "4.99", "Image": "https://assets.shop.loblaws.ca/products/21513244/b1/en/front/21513244_front_a01_@2.png", "Brand": "Haagen Dazs", "Url": "https://www.maxi.ca/mango-raspberry-ice-cream/p/21513244_EA", "Sub Category": null, "English Name": "Mango Raspberry Ice Cream", "Size": "450 ml", "Size Label": "ea"}, {"Category": "Ice Cream & Desserts", "Aisle": "Frozen", "Sku": "21283329_EA", "Regular Price": "None", "Sale Price": "10.00", "Image": "https://assets.shop.loblaws.ca/products/21283329/b1/en/front/21283329_front_a01_@2.png", "Brand": "No Name", "Url": "https://www.maxi.ca/float-pops/p/21283329_EA", "Sub Category": null, "English Name": "Float Pops", "Size": "30x60.0 ml", "Size Label": "ea"}, {"Category": "Ice Cream & Desserts", "Aisle": "Frozen", "Sku": "21432007_EA", "Regular Price": "None", "Sale Price": "5.99", "Image": "https://assets.shop.loblaws.ca/products/21432007/b1/en/front/21432007_front_a01_@2.png", "Brand": "President's Choice", "Url": "https://www.maxi.ca/lavender-lemonade-flavoured-ice-pops/p/21432007_EA", "Sub Category": null, "English Name": "Lavender Lemonade Flavoured Ice Pops", "Size": "6x60.0 ml", "Size Label": "ea"}, {"Category": "Ice Cream & Desserts", "Aisle": "Frozen", "Sku": "21074208_EA", "Regular Price": "None", "Sale Price": "6.99", "Image": "https://assets.shop.loblaws.ca/products/21074208/b1/en/front/21074208_front_a01_@2.png", "Brand": "President's Choice", "Url": "https://www.maxi.ca/lemon-skyr-icelandic-style-lactose-free-frozen-bar/p/21074208_EA", "Sub Category": null, "English Name": "Lemon Skyr Icelandic-Style Lactose Free Frozen Bars", "Size": "480 ml", "Size Label": "ea"}, {"Category": "Ice Cream & Desserts", "Aisle": "Frozen", "Sku": "21506910_EA", "Regular Price": "None", "Sale Price": "5.99", "Image": "https://assets.shop.loblaws.ca/products/21506910/b1/en/front/21506910_front_a01_@2.png", "Brand": "President's Choice", "Url": "https://www.maxi.ca/triple-chocolate-cookie-dough-ice-cream-bites/p/21506910_EA", "Sub Category": null, "English Name": "Triple Chocolate Cookie Dough Ice Cream Bites", "Size": "180 ml", "Size Label": "ea"}, {"Category": "Ice Cream & Desserts", "Aisle": "Frozen", "Sku": "21020137_EA", "Regular Price": "None", "Sale Price": "6.79", "Image": "https://assets.shop.loblaws.ca/products/21020137/b1/en/front/21020137_front_a01_@2.png", "Brand": "Binggrae", "Url": "https://www.maxi.ca/melona-frozen-dessert-bars-banana/p/21020137_EA", "Sub Category": null, "English Name": "Melona Frozen Dessert Bars Banana", "Size": "560 ml", "Size Label": "ea"}, {"Category": "Ice Cream & Desserts", "Aisle": "Frozen", "Sku": "21074199_EA", "Regular Price": "None", "Sale Price": "6.99", "Image": "https://assets.shop.loblaws.ca/products/21074199/b1/en/front/21074199_front_a01_@2.png", "Brand": "President's Choice", "Url": "https://www.maxi.ca/berries-cherries-skyr-icelandic-style-yogurt-bars/p/21074199_EA", "Sub Category": null, "English Name": "Berries & Cherries Skyr Icelandic-Style Yogurt Bars", "Size": "480 ml", "Size Label": "ea"}, {"Category": "Ice Cream & Desserts", "Aisle": "Frozen", "Sku": "21020149_EA", "Regular Price": "None", "Sale Price": "6.79", "Image": "https://assets.shop.loblaws.ca/products/21020149/b1/en/front/21020149_front_a01_@2.png", "Brand": "Binggrae", "Url": "https://www.maxi.ca/ice-cream-melona-frozen-dairy-dessert-bars-coconut/p/21020149_EA", "Sub Category": null, "English Name": "Ice Cream, Melona Frozen Dairy Dessert Bars Coconut", "Size": "560 ml", "Size Label": "ea"}, {"Category": "Ice Cream & Desserts", "Aisle": "Frozen", "Sku": "21431087_EA", "Regular Price": "None", "Sale Price": "10.99", "Image": "https://assets.shop.loblaws.ca/products/21431087/b1/en/front/21431087_front_a01_@2.png", "Brand": "President's Choice", "Url": "https://www.maxi.ca/the-decadent-double-chocolate-cream-pie/p/21431087_EA", "Sub Category": null, "English Name": "The Decadent Double Chocolate Cream Pie", "Size": "830 g", "Size Label": "ea"}, {"Category": "Ice Cream & Desserts", "Aisle": "Frozen", "Sku": "21108172_EA", "Regular Price": "None", "Sale Price": "10.99", "Image": "https://assets.shop.loblaws.ca/products/21108172/b1/en/front/21108172_front_a01_@2.png", "Brand": "President's Choice", "Url": "https://www.maxi.ca/coconut-cream-pie/p/21108172_EA", "Sub Category": null, "English Name": "Coconut Cream Pie", "Size": "830 g", "Size Label": "ea"}, {"Category": "Ice Cream & Desserts", "Aisle": "Frozen", "Sku": "21012281_EA", "Regular Price": "None", "Sale Price": "5.99", "Image": "https://assets.shop.loblaws.ca/products/21012281/b1/en/front/21012281_front_a01_@2.png", "Brand": "Chapmans", "Url": "https://www.maxi.ca/yukon-ice-cream-vanilla-almonds-milk-chocolate/p/21012281_EA", "Sub Category": null, "English Name": "Yukon Ice Cream Vanilla, Almonds & Milk Chocolate", "Size": "5x140.0 ml", "Size Label": "ea"}, {"Category": "Ice Cream & Desserts", "Aisle": "Frozen", "Sku": "21160862_EA", "Regular Price": "None", "Sale Price": "7.49", "Image": "https://assets.shop.loblaws.ca/products/21160862/b1/en/front/21160862_front_a01_@2.png", "Brand": "Chapmans", "Url": "https://www.maxi.ca/double-decker-sandwich/p/21160862_EA", "Sub Category": null, "English Name": "Double Decker Sandwich", "Size": "12x120.0 ml", "Size Label": "ea"}, {"Category": "Ice Cream & Desserts", "Aisle": "Frozen", "Sku": "20004726_EA", "Regular Price": "None", "Sale Price": "14.99", "Image": "https://assets.shop.loblaws.ca/products/20004726/b1/en/front/20004726_front_a01_@2.png", "Brand": "President's Choice", "Url": "https://www.maxi.ca/frozen-mini-eclairs/p/20004726_EA", "Sub Category": null, "English Name": "Frozen Mini Eclairs", "Size": "710 g", "Size Label": "ea"}, {"Category": "Ice Cream & Desserts", "Aisle": "Frozen", "Sku": "20320664004_EA", "Regular Price": "None", "Sale Price": "5.99", "Image": "https://assets.shop.loblaws.ca/products/20320664004/b1/en/front/20320664004_front_a01_@2.png", "Brand": "Coaticook", "Url": "https://www.maxi.ca/ice-cream-old-fashioned-butterscotch-ripple/p/20320664004_EA", "Sub Category": null, "English Name": "Ice Cream Old-fashioned, Butterscotch Ripple", "Size": "2 l", "Size Label": "ea"}, {"Category": "Ice Cream & Desserts", "Aisle": "Frozen", "Sku": "21545086_EA", "Regular Price": "None", "Sale Price": "5.99", "Image": "https://assets.shop.loblaws.ca/products/21545086/b1/en/front/21545086_front_a01_@2.png", "Brand": "President's Choice", "Url": "https://www.maxi.ca/all-butter-pains-au-chocolat/p/21545086_EA", "Sub Category": null, "English Name": "All-Butter Pains au Chocolat ", "Size": "320 g", "Size Label": "ea"}, {"Category": "Ice Cream & Desserts", "Aisle": "Frozen", "Sku": "20318102_EA", "Regular Price": "None", "Sale Price": "9.99", "Image": "https://assets.shop.loblaws.ca/products/20318102/b1/en/front/20318102_front_a01_@2.png", "Brand": "President's Choice", "Url": "https://www.maxi.ca/original-new-york-style-cheesecake/p/20318102_EA", "Sub Category": null, "English Name": "Original New York- Style Cheesecake", "Size": "600 g", "Size Label": "ea"}, {"Category": "Ice Cream & Desserts", "Aisle": "Frozen", "Sku": "20147627_EA", "Regular Price": "None", "Sale Price": "9.99", "Image": "https://assets.shop.loblaws.ca/products/20147627/b1/en/front/20147627_front_a01_@2.png", "Brand": "President's Choice", "Url": "https://www.maxi.ca/cherry-topped-new-york-style-cheesecake/p/20147627_EA", "Sub Category": null, "English Name": "Cherry-Topped New York-Style Cheesecake", "Size": "600 g", "Size Label": "ea"}, {"Category": "Ice Cream & Desserts", "Aisle": "Frozen", "Sku": "20320664006_EA", "Regular Price": "None", "Sale Price": "5.99", "Image": "https://assets.shop.loblaws.ca/products/20320664006/b1/en/front/20320664006_front_a01_@2.png", "Brand": "Coaticook", "Url": "https://www.maxi.ca/ice-cream-old-fashioned-chocolate/p/20320664006_EA", "Sub Category": null, "English Name": "Ice Cream Old-fashioned, Chocolate", "Size": "2 l", "Size Label": "ea"}, {"Category": "Ice Cream & Desserts", "Aisle": "Frozen", "Sku": "21166581_EA", "Regular Price": "None", "Sale Price": "5.99", "Image": "https://assets.shop.loblaws.ca/products/21166581/b1/en/front/21166581_front_a01_@2.png", "Brand": "President's Choice", "Url": "https://www.maxi.ca/vanilla-bean-mochi/p/21166581_EA", "Sub Category": null, "English Name": "Vanilla Bean Mochi", "Size": "6x35.0 ml", "Size Label": "ea"}, {"Category": "Ice Cream & Desserts", "Aisle": "Frozen", "Sku": "20316023001_EA", "Regular Price": "None", "Sale Price": "4.99", "Image": "https://assets.shop.loblaws.ca/products/20316023001/b1/en/front/20316023001_front_a01_@2.png", "Brand": "Haagen Dazs", "Url": "https://www.maxi.ca/ice-cream-miniatures-vanilla-almond-bars/p/20316023001_EA", "Sub Category": null, "English Name": "Ice Cream Miniatures Vanilla Almond Bars", "Size": "4x55.0 ml", "Size Label": "ea"}, {"Category": "Ice Cream & Desserts", "Aisle": "Frozen", "Sku": "20320664011_EA", "Regular Price": "None", "Sale Price": "5.99", "Image": "https://assets.shop.loblaws.ca/products/20320664011/b1/en/front/20320664011_front_a01_@2.png", "Brand": "Coaticook", "Url": "https://www.maxi.ca/ice-cream-old-fashioned-double-chocolate/p/20320664011_EA", "Sub Category": null, "English Name": "Ice Cream Old-fashioned, Double Chocolate", "Size": "2 l", "Size Label": "ea"}, {"Category": "Ice Cream & Desserts", "Aisle": "Frozen", "Sku": "20793444003_EA", "Regular Price": "None", "Sale Price": "5.99", "Image": "https://assets.shop.loblaws.ca/products/20793444003/b1/en/front/20793444003_front_a01_@2.png", "Brand": "No Name", "Url": "https://www.maxi.ca/vanilla-ice-milk/p/20793444003_EA", "Sub Category": null, "English Name": "Vanilla Ice Milk", "Size": "4 l", "Size Label": "ea"}, {"Category": "Ice Cream & Desserts", "Aisle": "Frozen", "Sku": "20319300002_EA", "Regular Price": "None", "Sale Price": "5.79", "Image": "https://assets.shop.loblaws.ca/products/20319300002/b1/en/front/20319300002_front_a01_@2.png", "Brand": "President's Choice", "Url": "https://www.maxi.ca/vanilla-ice-cream/p/20319300002_EA", "Sub Category": null, "English Name": "Vanilla Ice Cream", "Size": "1.65 l", "Size Label": "ea"}, {"Category": "Ice Cream & Desserts", "Aisle": "Frozen", "Sku": "21432016_EA", "Regular Price": "None", "Sale Price": "5.99", "Image": "https://assets.shop.loblaws.ca/products/21432016/b1/en/front/21432016_front_a01_@2.png", "Brand": "President's Choice", "Url": "https://www.maxi.ca/raspberry-hibiscus-flavoured-ice-pops/p/21432016_EA", "Sub Category": null, "English Name": "Raspberry Hibiscus Flavoured Ice Pops", "Size": "6x60.0 ml", "Size Label": "ea"}, {"Category": "Ice Cream & Desserts", "Aisle": "Frozen", "Sku": "21283326_EA", "Regular Price": "None", "Sale Price": "10.00", "Image": "https://assets.shop.loblaws.ca/products/21283326/b1/en/front/21283326_front_a01_@2.png", "Brand": "No Name", "Url": "https://www.maxi.ca/cookies-cream-ice-cream-sandwiches/p/21283326_EA", "Sub Category": null, "English Name": "Cookies & Cream Ice Cream Sandwiches ", "Size": "24x120.0 ml", "Size Label": "ea"}, {"Category": "Ice Cream & Desserts", "Aisle": "Frozen", "Sku": "20604543003_EA", "Regular Price": "None", "Sale Price": "4.49", "Image": "https://assets.shop.loblaws.ca/products/20604543003/b1/en/front/20604543003_front_a01_@2.png", "Brand": "PC Black Label", "Url": "https://www.maxi.ca/salted-caramel-ice-cream/p/20604543003_EA", "Sub Category": null, "English Name": "Salted Caramel Ice Cream", "Size": "500 ml", "Size Label": "ea"}, {"Category": "Ice Cream & Desserts", "Aisle": "Frozen", "Sku": "21511200_EA", "Regular Price": "None", "Sale Price": "6.49", "Image": "https://assets.shop.loblaws.ca/products/21511200/b1/en/front/21511200_front_a01_@2.png", "Brand": "Chapmans", "Url": "https://www.maxi.ca/super-premium-plus-ice-cream-vanilla-trilogy/p/21511200_EA", "Sub Category": null, "English Name": "Super Premium Plus Ice Cream Vanilla Trilogy", "Size": "500 ml", "Size Label": "ea"}, {"Category": "Ice Cream & Desserts", "Aisle": "Frozen", "Sku": "20763159_EA", "Regular Price": "None", "Sale Price": "5.49", "Image": "https://assets.shop.loblaws.ca/products/20763159/b1/en/front/20763159_front_a01_@2.png", "Brand": "The Original", "Url": "https://www.maxi.ca/ice-pop-creamsicle-bars-sweet-treat-made-with-natu/p/20763159_EA", "Sub Category": null, "English Name": "Ice Pop Creamsicle Bars sweet treat made with natural colours and flavours", "Size": "720 ml", "Size Label": "ea"}, {"Category": "Ice Cream & Desserts", "Aisle": "Frozen", "Sku": "20311642002_EA", "Regular Price": "None", "Sale Price": "4.50", "Image": "https://assets.shop.loblaws.ca/products/20311642002/b1/en/front/20311642002_front_a01_@2.png", "Brand": "President's Choice", "Url": "https://www.maxi.ca/vanilla-frozen-yogurt/p/20311642002_EA", "Sub Category": null, "English Name": "Vanilla Frozen Yogurt", "Size": "2 l", "Size Label": "ea"}, {"Category": "Ice Cream & Desserts", "Aisle": "Frozen", "Sku": "20314434008_EA", "Regular Price": "None", "Sale Price": "6.99", "Image": "https://assets.shop.loblaws.ca/products/20314434008/b1/en/front/20314434008_front_a01_@2.png", "Brand": "Chapmans", "Url": "https://www.maxi.ca/yogurt-maple-walnut/p/20314434008_EA", "Sub Category": null, "English Name": "Yogurt Maple Walnut", "Size": "2 l", "Size Label": "ea"}, {"Category": "Ice Cream & Desserts", "Aisle": "Frozen", "Sku": "21012283_EA", "Regular Price": "None", "Sale Price": "5.99", "Image": "https://assets.shop.loblaws.ca/products/21012283/b1/en/front/21012283_front_a01_@2.png", "Brand": "Chapmans", "Url": "https://www.maxi.ca/yukon-french-vanilla-almond-lynx-bar/p/21012283_EA", "Sub Category": null, "English Name": "Yukon French Vanilla & Almond Lynx Bar", "Size": "6x90.0 ml", "Size Label": "ea"}, {"Category": "Ice Cream & Desserts", "Aisle": "Frozen", "Sku": "21221442_EA", "Regular Price": "None", "Sale Price": "4.99", "Image": "https://assets.shop.loblaws.ca/products/21221442/b1/en/front/21221442_front_a01_@2.png", "Brand": "President's Choice", "Url": "https://www.maxi.ca/maple-crunch-ice-cream/p/21221442_EA", "Sub Category": null, "English Name": "Maple Crunch Ice Cream", "Size": "946 ml", "Size Label": "ea"}, {"Category": "Ice Cream & Desserts", "Aisle": "Frozen", "Sku": "20800530_EA", "Regular Price": "None", "Sale Price": "3.59", "Image": "https://assets.shop.loblaws.ca/products/20800530/b1/en/front/20800530_front_a01_@2.png", "Brand": "President's Choice", "Url": "https://www.maxi.ca/apple-blossoms/p/20800530_EA", "Sub Category": null, "English Name": "Apple Blossoms", "Size": "228 g", "Size Label": "ea"}, {"Category": "Ice Cream & Desserts", "Aisle": "Frozen", "Sku": "20322085001_EA", "Regular Price": "None", "Sale Price": "7.99", "Image": "https://assets.shop.loblaws.ca/products/20322085001/b1/en/front/20322085001_front_a01_@2.png", "Brand": "Nestl\u00e9", "Url": "https://www.maxi.ca/rolo-frozen-dessert/p/20322085001_EA", "Sub Category": null, "English Name": "Rolo Frozen Dessert", "Size": "1.5 l", "Size Label": "ea"}, {"Category": "Meatless Alternatives", "Aisle": "Frozen", "Sku": "21395544_EA", "Regular Price": "None", "Sale Price": "8.99", "Image": "https://assets.shop.loblaws.ca/products/21395544/b1/en/front/21395544_front_a01_@2.png", "Brand": "President's Choice", "Url": "https://www.maxi.ca/gluten-free-bruschetta-cauliflower-flatbread/p/21395544_EA", "Sub Category": null, "English Name": "Gluten Free Bruschetta Cauliflower Flatbread", "Size": "342 g", "Size Label": "ea"}, {"Category": "Meatless Alternatives", "Aisle": "Frozen", "Sku": "21433332_EA", "Regular Price": "8.99", "Sale Price": "6.99", "Image": "https://assets.shop.loblaws.ca/products/21433332/b1/en/front/21433332_front_a01_@2.png", "Brand": "President's Choice", "Url": "https://www.maxi.ca/plant-based-chickpea-and-sweet-potato-veggie-burge/p/21433332_EA", "Sub Category": null, "English Name": "Plant Based Chickpea and Sweet Potato Veggie Burgers", "Size": "452 g", "Size Label": "ea"}, {"Category": "Meatless Alternatives", "Aisle": "Frozen", "Sku": "21179192_EA", "Regular Price": "None", "Sale Price": "13.99", "Image": "https://assets.shop.loblaws.ca/products/21179192/b1/en/front/21179192_front_a01_@2.png", "Brand": "President's Choice", "Url": "https://www.maxi.ca/plant-based-beefless-undeniable-burger/p/21179192_EA", "Sub Category": null, "English Name": "Plant Based Beefless Undeniable Burger", "Size": "452 g", "Size Label": "ea"}, {"Category": "Frozen Meat & Seafood", "Aisle": "Frozen", "Sku": "21043887_EA", "Regular Price": "None", "Sale Price": "7.99", "Image": "https://assets.shop.loblaws.ca/products/21043887/b1/en/front/21043887_front_a01_@2.png", "Brand": "Seaquest", "Url": "https://www.maxi.ca/pacific-white-shrimp-raw-16-20-lb/p/21043887_EA", "Sub Category": null, "English Name": "Pacific White Shrimp Raw 16-20/LB", "Size": "300 g", "Size Label": "ea"}, {"Category": "Frozen Meat & Seafood", "Aisle": "Frozen", "Sku": "21372692_EA", "Regular Price": "None", "Sale Price": "10.00", "Image": "https://assets.shop.loblaws.ca/products/21372692/b1/en/front/21372692_front_a01_@2.png", "Brand": null, "Url": "https://www.maxi.ca/buttermilk-chicken-breast-pieces/p/21372692_EA", "Sub Category": null, "English Name": "Buttermilk Chicken Breast Pieces", "Size": "1.2 kg", "Size Label": "ea"}, {"Category": "Frozen Meat & Seafood", "Aisle": "Frozen", "Sku": "21447587_EA", "Regular Price": "None", "Sale Price": "10.00", "Image": "https://assets.shop.loblaws.ca/products/21447587/b1/en/front/21447587_front_a01_@2.png", "Brand": null, "Url": "https://www.maxi.ca/chicken-strips/p/21447587_EA", "Sub Category": null, "English Name": "Chicken Strips", "Size": "1.5 kg", "Size Label": "ea"}, {"Category": "Frozen Meat & Seafood", "Aisle": "Frozen", "Sku": "21201321_EA", "Regular Price": "None", "Sale Price": "7.99", "Image": "https://assets.shop.loblaws.ca/products/21201321/b1/en/front/21201321_front_a01_@2.png", "Brand": "President's Choice", "Url": "https://www.maxi.ca/pub-recipe-chicken-strips-fully-cooked/p/21201321_EA", "Sub Category": null, "English Name": "Pub Recipe Chicken Strips, Fully Cooked", "Size": "700 g", "Size Label": "ea"}, {"Category": "Frozen Meat & Seafood", "Aisle": "Frozen", "Sku": "21447595_EA", "Regular Price": "None", "Sale Price": "10.00", "Image": "https://assets.shop.loblaws.ca/products/21447595/b1/en/front/21447595_front_a01_@2.png", "Brand": null, "Url": "https://www.maxi.ca/chicken-nuggets/p/21447595_EA", "Sub Category": null, "English Name": "Chicken Nuggets", "Size": "1.5 kg", "Size Label": "ea"}, {"Category": "Frozen Meat & Seafood", "Aisle": "Frozen", "Sku": "20792840_EA", "Regular Price": "None", "Sale Price": "2.49", "Image": "https://assets.shop.loblaws.ca/products/20792840/b1/en/front/20792840_front_a01_@2.png", "Brand": "DOM", "Url": "https://www.maxi.ca/smoked-steelhead-salmon/p/20792840_EA", "Sub Category": null, "English Name": "Smoked Steelhead Salmon", "Size": "50 g", "Size Label": "ea"}, {"Category": "Frozen Meat & Seafood", "Aisle": "Frozen", "Sku": "21464733_EA", "Regular Price": "None", "Sale Price": "14.49", "Image": "https://assets.shop.loblaws.ca/products/21464733/b1/en/front/21464733_front_a01_@2.png", "Brand": "Flamingo", "Url": "https://www.maxi.ca/flamingo-bbq-chicken-wing/p/21464733_EA", "Sub Category": null, "English Name": "Flamingo BBQ Chicken Wing", "Size": "550 g", "Size Label": "ea"}, {"Category": "Frozen Meat & Seafood", "Aisle": "Frozen", "Sku": "20941230_EA", "Regular Price": "None", "Sale Price": "15.99", "Image": "https://assets.shop.loblaws.ca/products/20941230/b1/en/front/20941230_front_a01_@2.png", "Brand": "President's Choice", "Url": "https://www.maxi.ca/thick-juicy-prime-rib-beef-burger/p/20941230_EA", "Sub Category": null, "English Name": "Thick &\u00a0Juicy\u2122\u00a0Prime Rib Beef Burger", "Size": "1.13 kg", "Size Label": "ea"}, {"Category": "Frozen Meat & Seafood", "Aisle": "Frozen", "Sku": "21178744_EA", "Regular Price": "None", "Sale Price": "6.00", "Image": "https://assets.shop.loblaws.ca/products/21178744/b1/en/front/21178744_front_a01_@2.png", "Brand": "No Name", "Url": "https://www.maxi.ca/breaded-chicken-cutlettes-chicken-strips/p/21178744_EA", "Sub Category": null, "English Name": "Breaded Chicken Cutlettes Chicken Strips", "Size": "908 g", "Size Label": "ea"}, {"Category": "Frozen Meat & Seafood", "Aisle": "Frozen", "Sku": "21526928_EA", "Regular Price": "None", "Sale Price": "10.00", "Image": "https://assets.shop.loblaws.ca/products/21526928/b1/en/front/21526928_front_a01_@2.png", "Brand": null, "Url": "https://www.maxi.ca/lean-ground-beef-uncooked/p/21526928_EA", "Sub Category": null, "English Name": "Lean Ground Beef Uncooked", "Size": "1.1 kg", "Size Label": "ea"}, {"Category": "Frozen Meat & Seafood", "Aisle": "Frozen", "Sku": "21201320_EA", "Regular Price": "None", "Sale Price": "7.99", "Image": "https://assets.shop.loblaws.ca/products/21201320/b1/en/front/21201320_front_a01_@2.png", "Brand": "President's Choice", "Url": "https://www.maxi.ca/pub-recipe-chicken-nuggets-fully-cooked/p/21201320_EA", "Sub Category": null, "English Name": "Pub Recipe Chicken Nuggets, Fully Cooked", "Size": "700 g", "Size Label": "ea"}, {"Category": "Frozen Meat & Seafood", "Aisle": "Frozen", "Sku": "21043685_EA", "Regular Price": "None", "Sale Price": "8.49", "Image": "https://assets.shop.loblaws.ca/products/21043685/b1/en/front/21043685_front_a01_@2.png", "Brand": "Seaquest", "Url": "https://www.maxi.ca/cooked-shrimp-36-45/p/21043685_EA", "Sub Category": null, "English Name": "Cooked Shrimp, 36/45", "Size": "300 g", "Size Label": "ea"}, {"Category": "Frozen Meat & Seafood", "Aisle": "Frozen", "Sku": "20503296_EA", "Regular Price": "None", "Sale Price": "4.99", "Image": "https://assets.shop.loblaws.ca/products/20503296/b1/en/front/20503296_front_a01_@2.png", "Brand": "No Name", "Url": "https://www.maxi.ca/stuffed-breaded-chicken-broccoli-cheese-2-pack/p/20503296_EA", "Sub Category": null, "English Name": "Stuffed Breaded Chicken, Broccoli & Cheese (2 Pack)", "Size": "284 g", "Size Label": "ea"}, {"Category": "Frozen Meat & Seafood", "Aisle": "Frozen", "Sku": "21531746_EA", "Regular Price": "None", "Sale Price": "5.00", "Image": "https://assets.shop.loblaws.ca/products/21531746/b1/en/front/21531746_front_a01_@2.png", "Brand": null, "Url": "https://www.maxi.ca/popcorn-chicken-bites/p/21531746_EA", "Sub Category": null, "English Name": "Popcorn Chicken Bites", "Size": "650 g", "Size Label": "ea"}, {"Category": "Frozen Meat & Seafood", "Aisle": "Frozen", "Sku": "21450297_EA", "Regular Price": "None", "Sale Price": "10.00", "Image": "https://assets.shop.loblaws.ca/products/21450297/b1/en/front/21450297_front_a01_@2.png", "Brand": null, "Url": "https://www.maxi.ca/southern-style-popcorn-chicken/p/21450297_EA", "Sub Category": null, "English Name": "Southern-Style Popcorn Chicken", "Size": "1.13 kg", "Size Label": "ea"}, {"Category": "Frozen Meat & Seafood", "Aisle": "Frozen", "Sku": "21178745_EA", "Regular Price": "None", "Sale Price": "6.00", "Image": "https://assets.shop.loblaws.ca/products/21178745/b1/en/front/21178745_front_a01_@2.png", "Brand": "No Name", "Url": "https://www.maxi.ca/fully-cooked-breaded-chicken-nuggets-cutlettes/p/21178745_EA", "Sub Category": null, "English Name": "Fully Cooked, Breaded Chicken Nuggets Cutlettes", "Size": "908 g", "Size Label": "ea"}, {"Category": "Frozen Meat & Seafood", "Aisle": "Frozen", "Sku": "21201257_EA", "Regular Price": "None", "Sale Price": "7.99", "Image": "https://assets.shop.loblaws.ca/products/21201257/b1/en/front/21201257_front_a01_@2.png", "Brand": "President's Choice", "Url": "https://www.maxi.ca/thick-crispy-breaded-chicken-burgers-fully-cooked/p/21201257_EA", "Sub Category": null, "English Name": "Thick & Crispy Breaded Chicken Burgers, Fully Cooked", "Size": "700 g", "Size Label": "ea"}, {"Category": "Frozen Meat & Seafood", "Aisle": "Frozen", "Sku": "20941443_EA", "Regular Price": "None", "Sale Price": "15.99", "Image": "https://assets.shop.loblaws.ca/products/20941443/b1/en/front/20941443_front_a01_@2.png", "Brand": "President's Choice", "Url": "https://www.maxi.ca/thick-juicy-sirloin-beef-burgers/p/20941443_EA", "Sub Category": null, "English Name": "Thick &\u00a0Juicy\u2122\u00a0Sirloin Beef Burgers\u00a0", "Size": "1.13 kg", "Size Label": "ea"}, {"Category": "Frozen Meat & Seafood", "Aisle": "Frozen", "Sku": "20503300_EA", "Regular Price": "None", "Sale Price": "4.99", "Image": "https://assets.shop.loblaws.ca/products/20503300/b1/en/front/20503300_front_a01_@2.png", "Brand": "No Name", "Url": "https://www.maxi.ca/stuffed-breaded-chicken-breasts-ham-cheese/p/20503300_EA", "Sub Category": null, "English Name": "Stuffed Breaded Chicken Breasts, Ham & Cheese", "Size": "284 g", "Size Label": "ea"}, {"Category": "Frozen Meat & Seafood", "Aisle": "Frozen", "Sku": "21526930_EA", "Regular Price": "None", "Sale Price": "10.00", "Image": "https://assets.shop.loblaws.ca/products/21526930/b1/en/front/21526930_front_a01_@2.png", "Brand": null, "Url": "https://www.maxi.ca/italian-meatballs/p/21526930_EA", "Sub Category": null, "English Name": "Italian Meatballs", "Size": "1.5 kg", "Size Label": "ea"}, {"Category": "Frozen Meat & Seafood", "Aisle": "Frozen", "Sku": "21484987_EA", "Regular Price": "None", "Sale Price": "10.00", "Image": "https://assets.shop.loblaws.ca/products/21484987/b1/en/front/21484987_front_a01_@2.png", "Brand": null, "Url": "https://www.maxi.ca/swedish-meatballs/p/21484987_EA", "Sub Category": null, "English Name": "Swedish Meatballs", "Size": "1.5 kg", "Size Label": "ea"}, {"Category": "Frozen Meat & Seafood", "Aisle": "Frozen", "Sku": "20862651_EA", "Regular Price": "None", "Sale Price": "15.99", "Image": "https://assets.shop.loblaws.ca/products/20862651/b1/en/front/20862651_front_a01_@2.png", "Brand": "President's Choice", "Url": "https://www.maxi.ca/free-from-angus-beef-burger/p/20862651_EA", "Sub Category": null, "English Name": "Free From Angus Beef Burger", "Size": "1.02 kg", "Size Label": "ea"}, {"Category": "Frozen Meat & Seafood", "Aisle": "Frozen", "Sku": "20303200001_EA", "Regular Price": "None", "Sale Price": "9.99", "Image": "https://assets.shop.loblaws.ca/products/20303200001/b1/en/front/20303200001_front_a01_@2.png", "Brand": "High Liner", "Url": "https://www.maxi.ca/fish-sticks-family-pack/p/20303200001_EA", "Sub Category": null, "English Name": "Fish Sticks, Family Pack", "Size": "700 g", "Size Label": "ea"}, {"Category": "Frozen Meat & Seafood", "Aisle": "Frozen", "Sku": "20907159_EA", "Regular Price": "None", "Sale Price": "10.99", "Image": "https://assets.shop.loblaws.ca/products/20907159/b1/en/front/20907159_front_a01_@2.png", "Brand": null, "Url": "https://www.maxi.ca/raw-wild-shrimp-easy-peel/p/20907159_EA", "Sub Category": null, "English Name": "Raw Wild Shrimp, Easy Peel", "Size": "300 g", "Size Label": "ea"}, {"Category": "Frozen Meat & Seafood", "Aisle": "Frozen", "Sku": "21021918_EA", "Regular Price": "None", "Sale Price": "10.00", "Image": "https://assets.shop.loblaws.ca/products/21021918/b1/en/front/21021918_front_a01_@2.png", "Brand": null, "Url": "https://www.maxi.ca/extra-lean-ground-turkey/p/21021918_EA", "Sub Category": null, "English Name": "Extra Lean Ground Turkey", "Size": "1.8 kg", "Size Label": "ea"}, {"Category": "Frozen Meat & Seafood", "Aisle": "Frozen", "Sku": "21481378_EA", "Regular Price": "None", "Sale Price": "10.00", "Image": "https://assets.shop.loblaws.ca/products/21481378/b1/en/front/21481378_front_a01_@2.png", "Brand": null, "Url": "https://www.maxi.ca/chicken-swiss/p/21481378_EA", "Sub Category": null, "English Name": "Chicken Swiss", "Size": "994 g", "Size Label": "ea"}, {"Category": "Frozen Meat & Seafood", "Aisle": "Frozen", "Sku": "21178761_EA", "Regular Price": "None", "Sale Price": "6.00", "Image": "https://assets.shop.loblaws.ca/products/21178761/b1/en/front/21178761_front_a01_@2.png", "Brand": "No Name", "Url": "https://www.maxi.ca/fully-cooked-breaded-chicken-burgers/p/21178761_EA", "Sub Category": null, "English Name": "Fully Cooked, Breaded Chicken Burgers", "Size": "908 g", "Size Label": "ea"}, {"Category": "Frozen Meat & Seafood", "Aisle": "Frozen", "Sku": "20941343_EA", "Regular Price": "None", "Sale Price": "15.99", "Image": "https://assets.shop.loblaws.ca/products/20941343/b1/en/front/20941343_front_a01_@2.png", "Brand": "President's Choice", "Url": "https://www.maxi.ca/thick-juicy-beef-burgers/p/20941343_EA", "Sub Category": null, "English Name": "Thick &\u00a0Juicy\u2122\u00a0Beef Burgers\u00a0\u00a0", "Size": "1.36 kg", "Size Label": "ea"}, {"Category": "Frozen Meat & Seafood", "Aisle": "Frozen", "Sku": "20055009_EA", "Regular Price": "None", "Sale Price": "13.99", "Image": "https://assets.shop.loblaws.ca/products/20055009/b1/en/front/20055009_front_a01_@2.png", "Brand": "President's Choice", "Url": "https://www.maxi.ca/smoked-wild-sockeye-salmon/p/20055009_EA", "Sub Category": null, "English Name": "Smoked Wild Sockeye Salmon", "Size": "150 g", "Size Label": "ea"}, {"Category": "Frozen Meat & Seafood", "Aisle": "Frozen", "Sku": "21484441_EA", "Regular Price": "None", "Sale Price": "10.00", "Image": "https://assets.shop.loblaws.ca/products/21484441/b1/en/front/21484441_front_a01_@2.png", "Brand": null, "Url": "https://www.maxi.ca/breaded-chicken-burger/p/21484441_EA", "Sub Category": null, "English Name": "Breaded Chicken Burger", "Size": "1.5 kg", "Size Label": "ea"}, {"Category": "Frozen Meat & Seafood", "Aisle": "Frozen", "Sku": "21464727_EA", "Regular Price": "None", "Sale Price": "14.49", "Image": "https://assets.shop.loblaws.ca/products/21464727/b1/en/front/21464727_front_a01_@2.png", "Brand": "Flamingo", "Url": "https://www.maxi.ca/chicken-wings-honey-garlic-flavour-mild/p/21464727_EA", "Sub Category": null, "English Name": "Chicken Wings Honey & Garlic Flavour Mild", "Size": "550 g", "Size Label": "ea"}, {"Category": "Frozen Meat & Seafood", "Aisle": "Frozen", "Sku": "20296596002_EA", "Regular Price": "16.99", "Sale Price": "9.79", "Image": "https://assets.shop.loblaws.ca/products/20296596002/b1/en/front/20296596002_front_a01_@2.png", "Brand": "High Liner", "Url": "https://www.maxi.ca/pan-sear-selects-sole-lemon-pepper/p/20296596002_EA", "Sub Category": null, "English Name": "Pan Sear Selects Sole, Lemon Pepper", "Size": "540 g", "Size Label": "ea"}, {"Category": "Frozen Meat & Seafood", "Aisle": "Frozen", "Sku": "20324259002_EA", "Regular Price": "None", "Sale Price": "14.99", "Image": "https://assets.shop.loblaws.ca/products/20324259002/b1/en/front/20324259002_front_a01_@2.png", "Brand": "President's Choice", "Url": "https://www.maxi.ca/breaded-haddock-fillets/p/20324259002_EA", "Sub Category": null, "English Name": "Breaded Haddock Fillets", "Size": "550 g", "Size Label": "ea"}, {"Category": "Frozen Meat & Seafood", "Aisle": "Frozen", "Sku": "20956694_EA", "Regular Price": "None", "Sale Price": "12.29", "Image": "https://assets.shop.loblaws.ca/products/20956694/b1/en/front/20956694_front_a01_@2.png", "Brand": "Grizzly", "Url": "https://www.maxi.ca/grizzy-salmon-tartare/p/20956694_EA", "Sub Category": null, "English Name": "Grizzy Salmon Tartare", "Size": "150 g", "Size Label": "ea"}, {"Category": "Frozen Meat & Seafood", "Aisle": "Frozen", "Sku": "21307728_EA", "Regular Price": "None", "Sale Price": "5.99", "Image": "https://assets.shop.loblaws.ca/products/21307728/b1/en/front/21307728_front_a01_@2.png", "Brand": "Grizzly", "Url": "https://www.maxi.ca/coho-smooth-sliced-smoked-salmon/p/21307728_EA", "Sub Category": null, "English Name": "Coho Smooth Sliced Smoked Salmon", "Size": "60 g", "Size Label": "ea"}, {"Category": "Frozen Meat & Seafood", "Aisle": "Frozen", "Sku": "21555660_EA", "Regular Price": "None", "Sale Price": "7.99", "Image": "https://assets.shop.loblaws.ca/products/21555660/b1/en/front/21555660_front_a01_@2.png", "Brand": "Aquastar", "Url": "https://www.maxi.ca/garlic-herb-shrimp-skewers-peeled-tail-on/p/21555660_EA", "Sub Category": null, "English Name": "Garlic & Herb Shrimp Skewers Peeled, Tail-On", "Size": "252 g", "Size Label": "ea"}, {"Category": "Frozen Meat & Seafood", "Aisle": "Frozen", "Sku": "21403388_EA", "Regular Price": "None", "Sale Price": "10.99", "Image": "https://assets.shop.loblaws.ca/products/21403388/b1/en/front/21403388_front_a01_@2.png", "Brand": "KUTO", "Url": "https://www.maxi.ca/montreal-steak-spice-beef-tartare-all-included/p/21403388_EA", "Sub Category": null, "English Name": "Montreal Steak Spice Beef Tartare All Included ", "Size": "125 g", "Size Label": "ea"}, {"Category": "Frozen Meat & Seafood", "Aisle": "Frozen", "Sku": "21403296_EA", "Regular Price": "None", "Sale Price": "10.99", "Image": "https://assets.shop.loblaws.ca/products/21403296/b1/en/front/21403296_front_a01_@2.png", "Brand": "KUTO", "Url": "https://www.maxi.ca/salmon-tartare-all-included-mexican/p/21403296_EA", "Sub Category": null, "English Name": "Salmon Tartare All Included Mexican", "Size": "125 g", "Size Label": "ea"}, {"Category": "Frozen Meat & Seafood", "Aisle": "Frozen", "Sku": "20941202_EA", "Regular Price": "None", "Sale Price": "15.99", "Image": "https://assets.shop.loblaws.ca/products/20941202/b1/en/front/20941202_front_a01_@2.png", "Brand": "PC Blue Menu", "Url": "https://www.maxi.ca/sirloin-beef-burger/p/20941202_EA", "Sub Category": null, "English Name": "Sirloin Beef Burger", "Size": "1.02 kg", "Size Label": "ea"}, {"Category": "Frozen Meat & Seafood", "Aisle": "Frozen", "Sku": "20733538_EA", "Regular Price": "None", "Sale Price": "9.99", "Image": "https://assets.shop.loblaws.ca/products/20733538/b1/en/front/20733538_front_a01_@2.png", "Brand": null, "Url": "https://www.maxi.ca/smoked-coho-salmon-log/p/20733538_EA", "Sub Category": null, "English Name": "Smoked Coho Salmon Log", "Size": "240 g", "Size Label": "ea"}, {"Category": "Frozen Meat & Seafood", "Aisle": "Frozen", "Sku": "20985202_KG", "Regular Price": "None", "Sale Price": "47.67", "Image": "https://assets.shop.loblaws.ca/products/20985202/b1/en/front/20985202_front_a01_@2.png", "Brand": "President's Choice", "Url": "https://www.maxi.ca/double-stuffed-butter-infused-turkey/p/20985202_KG", "Sub Category": null, "English Name": "Double Stuffed Butter Infused Turkey", "Size": "$6.81/1kg $3.09/1lb", "Size Label": "ea"}, {"Category": "Frozen Meat & Seafood", "Aisle": "Frozen", "Sku": "20296596004_EA", "Regular Price": "16.99", "Sale Price": "9.79", "Image": "https://assets.shop.loblaws.ca/products/20296596004/b1/en/front/20296596004_front_a01_@2.png", "Brand": "High Liner", "Url": "https://www.maxi.ca/pan-sear-selects-cod-savoury-herb/p/20296596004_EA", "Sub Category": null, "English Name": "Pan Sear Selects Cod, Savoury Herb", "Size": "540 g", "Size Label": "ea"}, {"Category": "Frozen Meat & Seafood", "Aisle": "Frozen", "Sku": "21178783_EA", "Regular Price": "None", "Sale Price": "10.49", "Image": "https://assets.shop.loblaws.ca/products/21178783/b1/en/front/21178783_front_a01_@2.png", "Brand": "No Name", "Url": "https://www.maxi.ca/chicken-burger-club-pack/p/21178783_EA", "Sub Category": null, "English Name": "Chicken Burger, Club Pack", "Size": "1810 g", "Size Label": "ea"}, {"Category": "Frozen Meat & Seafood", "Aisle": "Frozen", "Sku": "21309514_EA", "Regular Price": "16.99", "Sale Price": "9.79", "Image": "https://assets.shop.loblaws.ca/products/21309514/b1/en/front/21309514_front_a01_@2.png", "Brand": "High Liner", "Url": "https://www.maxi.ca/pan-sear-garlic-herb-shrimp-butterflied/p/21309514_EA", "Sub Category": null, "English Name": "Pan Sear Garlic & Herb Shrimp Butterflied", "Size": "454 g", "Size Label": "ea"}, {"Category": "Frozen Meat & Seafood", "Aisle": "Frozen", "Sku": "20135874_EA", "Regular Price": "None", "Sale Price": "11.99", "Image": "https://assets.shop.loblaws.ca/products/20135874/b1/en/front/20135874_front_a01_@2.png", "Brand": "President's Choice", "Url": "https://www.maxi.ca/breaded-coconut-shrimp-with-sweet-chili-dipping-sa/p/20135874_EA", "Sub Category": null, "English Name": "Breaded Coconut Shrimp With Sweet Chili Dipping Sauce", "Size": "454 g", "Size Label": "ea"}, {"Category": "Frozen Meat & Seafood", "Aisle": "Frozen", "Sku": "21193668_EA", "Regular Price": "None", "Sale Price": "12.99", "Image": "https://assets.shop.loblaws.ca/products/21193668/b1/en/front/21193668_front_a01_@2.png", "Brand": "Flamingo", "Url": "https://www.maxi.ca/gluten-free-chicken-nuggets/p/21193668_EA", "Sub Category": null, "English Name": "Gluten Free Chicken Nuggets", "Size": "600 g", "Size Label": "ea"}, {"Category": "Frozen Meat & Seafood", "Aisle": "Frozen", "Sku": "20080117_EA", "Regular Price": "None", "Sale Price": "11.99", "Image": "https://assets.shop.loblaws.ca/products/20080117/b1/en/front/20080117_front_a01_@2.png", "Brand": "President's Choice", "Url": "https://www.maxi.ca/breaded-butterflied-shrimp/p/20080117_EA", "Sub Category": null, "English Name": "Breaded Butterflied Shrimp\u00a0", "Size": "400 g", "Size Label": "ea"}, {"Category": "Frozen Meat & Seafood", "Aisle": "Frozen", "Sku": "20143624_KG", "Regular Price": "None", "Sale Price": "57.56", "Image": "https://assets.shop.loblaws.ca/products/20143624/b1/en/front/20143624_front_a01_@2.png", "Brand": null, "Url": "https://www.maxi.ca/frozen-utility-turkey-9-11kg/p/20143624_KG", "Sub Category": null, "English Name": "Frozen Utility Turkey, 9-11kg", "Size": "$2.77/1lb $6.11/1kg", "Size Label": "ea"}, {"Category": "Frozen Meat & Seafood", "Aisle": "Frozen", "Sku": "21043816_EA", "Regular Price": "14.49", "Sale Price": "12.99", "Image": "https://assets.shop.loblaws.ca/products/21043816/b1/en/front/21043816_front_a01_@2.png", "Brand": "Seaquest", "Url": "https://www.maxi.ca/pacific-white-shrimp-cooked-club-size/p/21043816_EA", "Sub Category": null, "English Name": "Pacific White Shrimp Cooked, Club Size", "Size": "680 g", "Size Label": "ea"}, {"Category": "Frozen Meat & Seafood", "Aisle": "Frozen", "Sku": "20917802_EA", "Regular Price": "None", "Sale Price": "9.99", "Image": "https://assets.shop.loblaws.ca/products/20917802/b1/en/front/20917802_front_a01_@2.png", "Brand": null, "Url": "https://www.maxi.ca/hoso-shrimp-cooked/p/20917802_EA", "Sub Category": null, "English Name": "Hoso Shrimp, Cooked", "Size": "400 g", "Size Label": "ea"}, {"Category": "Frozen Meat & Seafood", "Aisle": "Frozen", "Sku": "21380932_EA", "Regular Price": "None", "Sale Price": "15.49", "Image": "https://assets.shop.loblaws.ca/products/21380932/b1/en/front/21380932_front_a01_@2.png", "Brand": "Flamingo", "Url": "https://www.maxi.ca/chicken-medallions-with-bacon/p/21380932_EA", "Sub Category": null, "English Name": "Chicken Medallions with Bacon", "Size": "730 g", "Size Label": "ea"}, {"Category": "Frozen Meat & Seafood", "Aisle": "Frozen", "Sku": "21043834_EA", "Regular Price": "None", "Sale Price": "7.99", "Image": "https://assets.shop.loblaws.ca/products/21043834/b1/en/front/21043834_front_a01_@2.png", "Brand": "Seaquest", "Url": "https://www.maxi.ca/pacific-white-shrimp-raw/p/21043834_EA", "Sub Category": null, "English Name": "Pacific White Shrimp Raw", "Size": "300 g", "Size Label": "ea"}, {"Category": "Frozen Meat & Seafood", "Aisle": "Frozen", "Sku": "20298836001_EA", "Regular Price": "None", "Sale Price": "9.99", "Image": "https://assets.shop.loblaws.ca/products/20298836001/b1/en/front/20298836001_front_a01_@2.png", "Brand": "High Liner", "Url": "https://www.maxi.ca/crunchy-breaded-haddock-fish-sticks/p/20298836001_EA", "Sub Category": null, "English Name": "Crunchy Breaded Haddock Fish Sticks", "Size": "350 g", "Size Label": "ea"}, {"Category": "Frozen Meat & Seafood", "Aisle": "Frozen", "Sku": "20572299001_EA", "Regular Price": "None", "Sale Price": "9.99", "Image": "https://assets.shop.loblaws.ca/products/20572299001/b1/en/front/20572299001_front_a01_@2.png", "Brand": "High Liner", "Url": "https://www.maxi.ca/family-favourites-beer-battered-fish-fillets-uncoo/p/20572299001_EA", "Sub Category": null, "English Name": "Family Favourites Beer Battered Fish Fillets, Uncooked", "Size": "500 g", "Size Label": "ea"}, {"Category": "Frozen Meat & Seafood", "Aisle": "Frozen", "Sku": "21194651_EA", "Regular Price": "None", "Sale Price": "9.99", "Image": "https://assets.shop.loblaws.ca/products/21194651/b1/en/front/21194651_front_a01_@2.png", "Brand": "High Liner", "Url": "https://www.maxi.ca/lemon-peppercorn-fillets-breaded-seasoned-pollock/p/21194651_EA", "Sub Category": null, "English Name": "Lemon Peppercorn Fillets, Breaded Seasoned Pollock", "Size": "500 g", "Size Label": "ea"}, {"Category": "Frozen Meat & Seafood", "Aisle": "Frozen", "Sku": "20180352_EA", "Regular Price": "None", "Sale Price": "12.99", "Image": "https://assets.shop.loblaws.ca/products/20180352/b1/en/front/20180352_front_a01_@2.png", "Brand": "Seaquest", "Url": "https://www.maxi.ca/salad-shrimp/p/20180352_EA", "Sub Category": null, "English Name": "Salad Shrimp", "Size": "454 g", "Size Label": "ea"}, {"Category": "Frozen Meat & Seafood", "Aisle": "Frozen", "Sku": "21454797_EA", "Regular Price": "None", "Sale Price": "5.99", "Image": "https://assets.shop.loblaws.ca/products/21454797/b1/en/front/21454797_front_a01_@2.png", "Brand": "Waterview Market", "Url": "https://www.maxi.ca/crispy-calamari/p/21454797_EA", "Sub Category": null, "English Name": "Crispy Calamari", "Size": "300 g", "Size Label": "ea"}, {"Category": "Frozen Meat & Seafood", "Aisle": "Frozen", "Sku": "20021832_EA", "Regular Price": "None", "Sale Price": "12.49", "Image": "https://assets.shop.loblaws.ca/products/20021832/b1/en/front/20021832_front_a01_@2.png", "Brand": "President's Choice", "Url": "https://www.maxi.ca/wild-atlantic-cold-water-shrimp-cooked-peeled/p/20021832_EA", "Sub Category": null, "English Name": "Wild Atlantic Cold Water Shrimp Cooked Peeled ", "Size": "340 g", "Size Label": "ea"}, {"Category": "Frozen Meat & Seafood", "Aisle": "Frozen", "Sku": "20998025_EA", "Regular Price": "None", "Sale Price": "4.00", "Image": "https://assets.shop.loblaws.ca/products/20998025/b1/en/front/20998025_front_a01_@2.png", "Brand": "La Boucanerie", "Url": "https://www.maxi.ca/tuna-spread/p/20998025_EA", "Sub Category": null, "English Name": "Tuna Spread", "Size": "160 g", "Size Label": "ea"}, {"Category": "Frozen Meat & Seafood", "Aisle": "Frozen", "Sku": "21186358_EA", "Regular Price": "16.99", "Sale Price": "9.79", "Image": "https://assets.shop.loblaws.ca/products/21186358/b1/en/front/21186358_front_a01_@2.png", "Brand": "High Liner", "Url": "https://www.maxi.ca/southern-style-frozen-seasoned-flour-coated-cod-un/p/21186358_EA", "Sub Category": null, "English Name": "Southern Style, Frozen, Seasoned Flour Coated Cod, Uncooked", "Size": "515 g", "Size Label": "ea"}, {"Category": "Frozen Meat & Seafood", "Aisle": "Frozen", "Sku": "20789931_EA", "Regular Price": "None", "Sale Price": "10.99", "Image": "https://assets.shop.loblaws.ca/products/20789931/b1/en/front/20789931_front_a01_@2.png", "Brand": "President's Choice", "Url": "https://www.maxi.ca/pacific-white-shrimp-raw-peeled-large/p/20789931_EA", "Sub Category": null, "English Name": "Pacific White Shrimp Raw Peeled, Large", "Size": "400 g", "Size Label": "ea"}, {"Category": "Frozen Meat & Seafood", "Aisle": "Frozen", "Sku": "21382527_EA", "Regular Price": "None", "Sale Price": "12.00", "Image": "https://assets.shop.loblaws.ca/products/21382527/b1/en/front/21382527_front_a01_@2.png", "Brand": "Marcangelo", "Url": "https://www.maxi.ca/homestyle-burgers-flame-grilled-value-pack/p/21382527_EA", "Sub Category": null, "English Name": "Homestyle Burgers Flame Grilled Value Pack", "Size": "850 g", "Size Label": "ea"}, {"Category": "Frozen Meat & Seafood", "Aisle": "Frozen", "Sku": "20992444_KG", "Regular Price": "None", "Sale Price": "40.86", "Image": "https://assets.shop.loblaws.ca/products/20992444/b1/en/front/20992444_front_a01_@2.png", "Brand": "President's Choice", "Url": "https://www.maxi.ca/stuffed-butter-infused-turkey/p/20992444_KG", "Sub Category": null, "English Name": "Stuffed Butter Infused Turkey", "Size": "$6.81/1kg $3.09/1lb", "Size Label": "ea"}, {"Category": "Frozen Meat & Seafood", "Aisle": "Frozen", "Sku": "21286268_EA", "Regular Price": "None", "Sale Price": "43.00", "Image": "https://assets.shop.loblaws.ca/products/21286268/b1/en/front/21286268_front_a01_@2.png", "Brand": "Butterball", "Url": "https://www.maxi.ca/frozen-stuffed-turkey-5-7-kg/p/21286268_EA", "Sub Category": null, "English Name": "Frozen Stuffed Turkey 5-7 Kg", "Size": "6 kg", "Size Label": "ea"}, {"Category": "Frozen Meat & Seafood", "Aisle": "Frozen", "Sku": "21284943_EA", "Regular Price": "None", "Sale Price": "48.00", "Image": "https://assets.shop.loblaws.ca/products/21284943/b1/en/front/21284943_front_a01_@2.png", "Brand": "President's Choice", "Url": "https://www.maxi.ca/butter-infused-young-turkey-frozen-7-9kg/p/21284943_EA", "Sub Category": null, "English Name": "Butter Infused Young Turkey - Frozen - 7-9kg", "Size": "1 kg", "Size Label": "ea"}, {"Category": "Frozen Meat & Seafood", "Aisle": "Frozen", "Sku": "20855133_EA", "Regular Price": "None", "Sale Price": "13.49", "Image": "https://assets.shop.loblaws.ca/products/20855133/b1/en/front/20855133_front_a01_@2.png", "Brand": "Anchor Bay", "Url": "https://www.maxi.ca/black-tiger-shrimp-31-40/p/20855133_EA", "Sub Category": null, "English Name": "Black Tiger Shrimp, 31/40", "Size": "400 g", "Size Label": "ea"}, {"Category": "Frozen Meat & Seafood", "Aisle": "Frozen", "Sku": "21469397_EA", "Regular Price": "None", "Sale Price": "10.00", "Image": "https://assets.shop.loblaws.ca/products/21469397/b1/en/front/21469397_front_a01_@2.png", "Brand": null, "Url": "https://www.maxi.ca/seasoned-chicken-balls-fully-cooked-battered/p/21469397_EA", "Sub Category": null, "English Name": "Seasoned Chicken Balls, Fully Cooked & Battered", "Size": "1.13 kg", "Size Label": "ea"}, {"Category": "Frozen Meat & Seafood", "Aisle": "Frozen", "Sku": "21403285_EA", "Regular Price": "None", "Sale Price": "10.99", "Image": "https://assets.shop.loblaws.ca/products/21403285/b1/en/front/21403285_front_a01_@2.png", "Brand": null, "Url": "https://www.maxi.ca/tartar-asian-salmon/p/21403285_EA", "Sub Category": null, "English Name": "Tartar Asian Salmon", "Size": "125 g", "Size Label": "ea"}, {"Category": "Frozen Meat & Seafood", "Aisle": "Frozen", "Sku": "20096977_KG", "Regular Price": "None", "Sale Price": "47.05", "Image": "https://assets.shop.loblaws.ca/products/20096977/b1/en/front/20096977_front_a01_@2.png", "Brand": null, "Url": "https://www.maxi.ca/frozen-utility-turkey-7-9kg/p/20096977_KG", "Sub Category": null, "English Name": "Frozen Utility Turkey, 7-9kg", "Size": "$2.77/1lb $6.11/1kg", "Size Label": "ea"}, {"Category": "Frozen Meat & Seafood", "Aisle": "Frozen", "Sku": "20833968_EA", "Regular Price": "None", "Sale Price": "8.99", "Image": "https://assets.shop.loblaws.ca/products/20833968/b1/en/front/20833968_front_a01_@2.png", "Brand": null, "Url": "https://www.maxi.ca/peeled-and-cooked-shrimp/p/20833968_EA", "Sub Category": null, "English Name": "Peeled and Cooked Shrimp", "Size": "340 g", "Size Label": "ea"}, {"Category": "Frozen Meat & Seafood", "Aisle": "Frozen", "Sku": "21045713_EA", "Regular Price": "None", "Sale Price": "14.00", "Image": "https://assets.shop.loblaws.ca/products/21045713/b1/en/front/21045713_front_a01_@2.png", "Brand": "No Name", "Url": "https://www.maxi.ca/chicken-wings-medium-bbq/p/21045713_EA", "Sub Category": null, "English Name": "Chicken Wings, Medium BBQ", "Size": "908 g", "Size Label": "ea"}, {"Category": "Frozen Meat & Seafood", "Aisle": "Frozen", "Sku": "21193626_EA", "Regular Price": "None", "Sale Price": "12.99", "Image": "https://assets.shop.loblaws.ca/products/21193626/b1/en/front/21193626_front_a01_@2.png", "Brand": "Flamingo", "Url": "https://www.maxi.ca/breaded-cutlette-chicken-breast-fully-cooked-glute/p/21193626_EA", "Sub Category": null, "English Name": "Breaded Cutlette Chicken Breast Fully Cooked Gluten Free Strip", "Size": "600 g", "Size Label": "ea"}, {"Category": "Frozen Meat & Seafood", "Aisle": "Frozen", "Sku": "20114154_EA", "Regular Price": "None", "Sale Price": "15.99", "Image": "https://assets.shop.loblaws.ca/products/20114154/b1/en/front/20114154_front_a01_@2.png", "Brand": "No Name", "Url": "https://www.maxi.ca/beef-burger-4-oz/p/20114154_EA", "Sub Category": null, "English Name": "Beef Burger 4 Oz", "Size": "1.36 kg", "Size Label": "ea"}, {"Category": "Frozen Meat & Seafood", "Aisle": "Frozen", "Sku": "21045309_EA", "Regular Price": "None", "Sale Price": "14.00", "Image": "https://assets.shop.loblaws.ca/products/21045309/b1/en/front/21045309_front_a01_@2.png", "Brand": "No Name", "Url": "https://www.maxi.ca/salt-pepper-chicken-wings/p/21045309_EA", "Sub Category": null, "English Name": "Salt & Pepper Chicken Wings", "Size": "908 g", "Size Label": "ea"}, {"Category": "Frozen Meat & Seafood", "Aisle": "Frozen", "Sku": "21464728_EA", "Regular Price": "None", "Sale Price": "14.49", "Image": "https://assets.shop.loblaws.ca/products/21464728/b1/en/front/21464728_front_a01_@2.png", "Brand": "Flamingo", "Url": "https://www.maxi.ca/chicken-wings-mild-bbq-crispy/p/21464728_EA", "Sub Category": null, "English Name": "Chicken Wings Mild Bbq & Crispy", "Size": "550 g", "Size Label": "ea"}, {"Category": "Frozen Meat & Seafood", "Aisle": "Frozen", "Sku": "21517824_EA", "Regular Price": "None", "Sale Price": "13.99", "Image": "https://assets.shop.loblaws.ca/products/21517824/b1/en/front/21517824_front_a01_@2.png", "Brand": "President's Choice", "Url": "https://www.maxi.ca/carolina-gold-sauce-pork-back-ribs/p/21517824_EA", "Sub Category": null, "English Name": "Carolina Gold Sauce Pork Back Ribs", "Size": "500 g", "Size Label": "ea"}, {"Category": "Frozen Meat & Seafood", "Aisle": "Frozen", "Sku": "20978921_EA", "Regular Price": "None", "Sale Price": "11.99", "Image": "https://assets.shop.loblaws.ca/products/20978921/b1/en/front/20978921_front_a01_@2.png", "Brand": "President's Choice", "Url": "https://www.maxi.ca/tempura-torpedo-shrimp-with-sweet-soy-dipping-sauc/p/20978921_EA", "Sub Category": null, "English Name": "Tempura Torpedo Shrimp With Sweet Soy Dipping Sauce", "Size": "340 g", "Size Label": "ea"}, {"Category": "Frozen Meat & Seafood", "Aisle": "Frozen", "Sku": "21178472_EA", "Regular Price": "None", "Sale Price": "14.99", "Image": "https://assets.shop.loblaws.ca/products/21178472/b1/en/front/21178472_front_a01_@2.png", "Brand": "President's Choice", "Url": "https://www.maxi.ca/dry-rubbed-sea-salt-black-pepper-pork-back-ribs/p/21178472_EA", "Sub Category": null, "English Name": "Dry-Rubbed Sea Salt & Black Pepper Pork Back Ribs", "Size": "680 g", "Size Label": "ea"}, {"Category": "Frozen Meat & Seafood", "Aisle": "Frozen", "Sku": "21183606_EA", "Regular Price": "11.99", "Sale Price": "9.79", "Image": "https://assets.shop.loblaws.ca/products/21183606/b1/en/front/21183606_front_a01_@2.png", "Brand": "High Liner", "Url": "https://www.maxi.ca/breaded-haddock-bites-roasted-garlic-herb/p/21183606_EA", "Sub Category": null, "English Name": "Breaded Haddock Bites, Roasted Garlic & Herb", "Size": "600 g", "Size Label": "ea"}, {"Category": "Frozen Meat & Seafood", "Aisle": "Frozen", "Sku": "21344495_EA", "Regular Price": "None", "Sale Price": "17.99", "Image": "https://assets.shop.loblaws.ca/products/21344495/b1/en/front/21344495_front_a01_@2.png", "Brand": "Baton Rouge", "Url": "https://www.maxi.ca/breaded-chicken-breast-fillets/p/21344495_EA", "Sub Category": null, "English Name": "Breaded Chicken Breast Fillets", "Size": "700 g", "Size Label": "ea"}, {"Category": "Frozen Meat & Seafood", "Aisle": "Frozen", "Sku": "21284940_EA", "Regular Price": "None", "Sale Price": "38.00", "Image": "https://assets.shop.loblaws.ca/products/21284940/b1/en/front/21284940_front_a01_@2.png", "Brand": "President's Choice", "Url": "https://www.maxi.ca/butter-infused-young-turkey-frozen-5-7-kg/p/21284940_EA", "Sub Category": null, "English Name": "Butter Infused Young Turkey - Frozen - 5-7 kg", "Size": "1 ea", "Size Label": "ea"}, {"Category": "Frozen Meat & Seafood", "Aisle": "Frozen", "Sku": "21284944_EA", "Regular Price": "None", "Sale Price": "58.00", "Image": "https://assets.shop.loblaws.ca/products/21284944/b1/en/front/21284944_front_a01_@2.png", "Brand": "President's Choice", "Url": "https://www.maxi.ca/butter-infused-young-turkey-frozen-9-11kg/p/21284944_EA", "Sub Category": null, "English Name": "Butter Infused Young Turkey, Frozen  9-11kg", "Size": "1 ea", "Size Label": "ea"}, {"Category": "Frozen Meat & Seafood", "Aisle": "Frozen", "Sku": "21286261_EA", "Regular Price": "None", "Sale Price": "58.00", "Image": "https://assets.shop.loblaws.ca/products/21286261/b1/en/front/21286261_front_a01_@2.png", "Brand": "Butterball", "Url": "https://www.maxi.ca/turkey-9-11kg-frozen/p/21286261_EA", "Sub Category": null, "English Name": "Turkey, 9-11KG Frozen", "Size": "10 kg", "Size Label": "ea"}, {"Category": "Frozen Meat & Seafood", "Aisle": "Frozen", "Sku": "21284926_EA", "Regular Price": "None", "Sale Price": "28.00", "Image": "https://assets.shop.loblaws.ca/products/21284926/b1/en/front/21284926_front_a01_@2.png", "Brand": "President's Choice", "Url": "https://www.maxi.ca/butter-infused-young-turkey-frozen-3-5-kg/p/21284926_EA", "Sub Category": null, "English Name": "Butter Infused Young Turkey - Frozen - 3-5 kg", "Size": "1 kg", "Size Label": "ea"}, {"Category": "Frozen Meat & Seafood", "Aisle": "Frozen", "Sku": "21456890_EA", "Regular Price": "None", "Sale Price": "7.49", "Image": "https://assets.shop.loblaws.ca/products/21456890/b1/en/front/21456890_front_a01_@2.png", "Brand": "Aquastar", "Url": "https://www.maxi.ca/aqua-wild-pink-salmon-portions/p/21456890_EA", "Sub Category": null, "English Name": "Aqua Wild Pink Salmon Portions", "Size": "454 g", "Size Label": "ea"}, {"Category": "Frozen Meat & Seafood", "Aisle": "Frozen", "Sku": "20792248_EA", "Regular Price": "None", "Sale Price": "6.99", "Image": "https://assets.shop.loblaws.ca/products/20792248/b1/en/front/20792248_front_a01_@2.png", "Brand": null, "Url": "https://www.maxi.ca/seafood-medley/p/20792248_EA", "Sub Category": null, "English Name": "Seafood Medley", "Size": "360 g", "Size Label": "ea"}, {"Category": "Frozen Meat & Seafood", "Aisle": "Frozen", "Sku": "21452642_EA", "Regular Price": "None", "Sale Price": "12.99", "Image": "https://assets.shop.loblaws.ca/products/21452642/b1/en/front/21452642_front_a01_@2.png", "Brand": "La Cage", "Url": "https://www.maxi.ca/ranch-chicken-wings/p/21452642_EA", "Sub Category": null, "English Name": "Ranch Chicken Wings", "Size": "550 g", "Size Label": "ea"}, {"Category": "Frozen Meat & Seafood", "Aisle": "Frozen", "Sku": "20540245_EA", "Regular Price": "None", "Sale Price": "4.00", "Image": "https://assets.shop.loblaws.ca/products/20540245/b1/en/front/20540245_front_a01_@2.png", "Brand": "Malimousse", "Url": "https://www.maxi.ca/lobster-spread/p/20540245_EA", "Sub Category": null, "English Name": "Lobster Spread", "Size": "130 g", "Size Label": "ea"}, {"Category": "Frozen Meat & Seafood", "Aisle": "Frozen", "Sku": "21396539_EA", "Regular Price": "None", "Sale Price": "11.49", "Image": "https://assets.shop.loblaws.ca/products/21396539/b1/en/front/21396539_front_a01_@2.png", "Brand": "Catch of the Day", "Url": "https://www.maxi.ca/breaded-fish-nuggets-value-pack/p/21396539_EA", "Sub Category": null, "English Name": "Breaded Fish Nuggets Value Pack", "Size": "900 g", "Size Label": "ea"}, {"Category": "Frozen Meat & Seafood", "Aisle": "Frozen", "Sku": "21163498_EA", "Regular Price": "None", "Sale Price": "19.99", "Image": "https://assets.shop.loblaws.ca/products/21163498/b1/en/front/21163498_front_a01_@2.png", "Brand": "President's Choice", "Url": "https://www.maxi.ca/buttermilk-breaded-chicken-breast-strips/p/21163498_EA", "Sub Category": null, "English Name": "Buttermilk Breaded Chicken Breast Strips", "Size": "907 g", "Size Label": "ea"}, {"Category": "Frozen Meat & Seafood", "Aisle": "Frozen", "Sku": "21403329_EA", "Regular Price": "None", "Sale Price": "10.99", "Image": "https://assets.shop.loblaws.ca/products/21403329/b1/en/front/21403329_front_a01_@2.png", "Brand": "KUTO", "Url": "https://www.maxi.ca/salmon-tartare-all-included-canadian-style/p/21403329_EA", "Sub Category": null, "English Name": "Salmon Tartare All Included Canadian Style", "Size": "125 g", "Size Label": "ea"}, {"Category": "Frozen Meat & Seafood", "Aisle": "Frozen", "Sku": "20708500_EA", "Regular Price": "None", "Sale Price": "17.99", "Image": "https://assets.shop.loblaws.ca/products/20708500/b1/en/front/20708500_front_a01_@2.png", "Brand": "President's Choice", "Url": "https://www.maxi.ca/rotisserie-style-chicken-wings/p/20708500_EA", "Sub Category": null, "English Name": "Rotisserie-Style Chicken Wings", "Size": "907 g", "Size Label": "ea"}, {"Category": "Frozen Meat & Seafood", "Aisle": "Frozen", "Sku": "21427226_KG", "Regular Price": "None", "Sale Price": "21.96", "Image": "https://assets.shop.loblaws.ca/products/21427226/b1/en/front/21427226_front_a01_@2.png", "Brand": "Pinty's", "Url": "https://www.maxi.ca/young-turkey-heritage-recipe-seasoned-with-natural/p/21427226_KG", "Sub Category": null, "English Name": "Young Turkey Heritage Recipe Seasoned With Natural Flavours, 3-5 KG Frozen", "Size": "$5.49/1kg", "Size Label": "ea"}, {"Category": "Frozen Meat & Seafood", "Aisle": "Frozen", "Sku": "21193699_EA", "Regular Price": "None", "Sale Price": "12.99", "Image": "https://assets.shop.loblaws.ca/products/21193699/b1/en/front/21193699_front_a01_@2.png", "Brand": "Flamingo", "Url": "https://www.maxi.ca/bbq-breaded-chicken-chunks/p/21193699_EA", "Sub Category": null, "English Name": "BBQ Breaded Chicken Chunks", "Size": "750 g", "Size Label": "ea"}, {"Category": "Frozen Meat & Seafood", "Aisle": "Frozen", "Sku": "21480493_EA", "Regular Price": "None", "Sale Price": "5.49", "Image": "https://assets.shop.loblaws.ca/products/21480493/b1/en/front/21480493_front_a01_@2.png", "Brand": "Salads of the Sea", "Url": "https://www.maxi.ca/cajun-crab-flavoured-dip/p/21480493_EA", "Sub Category": null, "English Name": "Cajun Crab Flavoured Dip", "Size": "198 g", "Size Label": "ea"}, {"Category": "Frozen Meat & Seafood", "Aisle": "Frozen", "Sku": "20798674_KG", "Regular Price": "None", "Sale Price": "18.77", "Image": "https://assets.shop.loblaws.ca/products/20798674/b1/en/front/20798674_front_a01_@2.png", "Brand": "President's Choice", "Url": "https://www.maxi.ca/free-from-australian-lamb-shanks/p/20798674_KG", "Sub Category": null, "English Name": "Free From Australian Lamb Shanks", "Size": "$16.51/1kg $7.49/1lb", "Size Label": "ea"}, {"Category": "Frozen Meat & Seafood", "Aisle": "Frozen", "Sku": "20979191_EA", "Regular Price": "None", "Sale Price": "13.49", "Image": "https://assets.shop.loblaws.ca/products/20979191/b1/en/front/20979191_front_a01_@2.png", "Brand": "Seaquest", "Url": "https://www.maxi.ca/shrimp-ring/p/20979191_EA", "Sub Category": null, "English Name": "Shrimp Ring", "Size": "454 g", "Size Label": "ea"}, {"Category": "Frozen Meat & Seafood", "Aisle": "Frozen", "Sku": "20179913_EA", "Regular Price": "None", "Sale Price": "10.49", "Image": "https://assets.shop.loblaws.ca/products/20179913/b1/en/front/20179913_front_a01_@2.png", "Brand": "New Zealand", "Url": "https://www.maxi.ca/lamb-loin-chops/p/20179913_EA", "Sub Category": null, "English Name": "Lamb Loin Chops", "Size": "350 g", "Size Label": "ea"}, {"Category": "Frozen Meat & Seafood", "Aisle": "Frozen", "Sku": "21554523_EA", "Regular Price": "None", "Sale Price": "8.59", "Image": "https://assets.shop.loblaws.ca/products/21554523/b1/en/front/21554523_front_a01_@2.png", "Brand": "Waterview Market", "Url": "https://www.maxi.ca/raw-shrimp-skewers-garlic-herb-400-g/p/21554523_EA", "Sub Category": null, "English Name": "Raw Shrimp Skewers, Garlic & Herb, 400 G", "Size": "400 g", "Size Label": "ea"}, {"Category": "Frozen Meat & Seafood", "Aisle": "Frozen", "Sku": "20992023_EA", "Regular Price": "None", "Sale Price": "4.00", "Image": "https://assets.loblaws.ca/pcx_bronx_fe_assets/images/common/coming-soon-en-web.png", "Brand": "La Boucanerie", "Url": "https://www.maxi.ca/smoked-whitefish-spread/p/20992023_EA", "Sub Category": null, "English Name": "Smoked Whitefish Spread", "Size": "160 g", "Size Label": "ea"}, {"Category": "Frozen Meat & Seafood", "Aisle": "Frozen", "Sku": "21163489_EA", "Regular Price": "None", "Sale Price": "19.99", "Image": "https://assets.shop.loblaws.ca/products/21163489/b1/en/front/21163489_front_a01_@2.png", "Brand": "President's Choice", "Url": "https://www.maxi.ca/breaded-chicken-breast-fillets-spicy-buttermilk-me/p/21163489_EA", "Sub Category": null, "English Name": "Breaded Chicken Breast Fillets Spicy Buttermilk Medium 17 Pieces Minimum", "Size": "907 g", "Size Label": "ea"}, {"Category": "Frozen Meat & Seafood", "Aisle": "Frozen", "Sku": "21427226_KG", "Regular Price": "None", "Sale Price": "21.96", "Image": "https://assets.shop.loblaws.ca/products/21427226/b1/en/front/21427226_front_a01_@2.png", "Brand": "Pinty's", "Url": "https://www.maxi.ca/young-turkey-heritage-recipe-seasoned-with-natural/p/21427226_KG", "Sub Category": null, "English Name": "Young Turkey Heritage Recipe Seasoned With Natural Flavours, 3-5 KG Frozen", "Size": "$5.49/1kg", "Size Label": "ea"}, {"Category": "Frozen Meat & Seafood", "Aisle": "Frozen", "Sku": "21193699_EA", "Regular Price": "None", "Sale Price": "12.99", "Image": "https://assets.shop.loblaws.ca/products/21193699/b1/en/front/21193699_front_a01_@2.png", "Brand": "Flamingo", "Url": "https://www.maxi.ca/bbq-breaded-chicken-chunks/p/21193699_EA", "Sub Category": null, "English Name": "BBQ Breaded Chicken Chunks", "Size": "750 g", "Size Label": "ea"}, {"Category": "Frozen Meat & Seafood", "Aisle": "Frozen", "Sku": "21480493_EA", "Regular Price": "None", "Sale Price": "5.49", "Image": "https://assets.shop.loblaws.ca/products/21480493/b1/en/front/21480493_front_a01_@2.png", "Brand": "Salads of the Sea", "Url": "https://www.maxi.ca/cajun-crab-flavoured-dip/p/21480493_EA", "Sub Category": null, "English Name": "Cajun Crab Flavoured Dip", "Size": "198 g", "Size Label": "ea"}, {"Category": "Frozen Meat & Seafood", "Aisle": "Frozen", "Sku": "20798674_KG", "Regular Price": "None", "Sale Price": "18.77", "Image": "https://assets.shop.loblaws.ca/products/20798674/b1/en/front/20798674_front_a01_@2.png", "Brand": "President's Choice", "Url": "https://www.maxi.ca/free-from-australian-lamb-shanks/p/20798674_KG", "Sub Category": null, "English Name": "Free From Australian Lamb Shanks", "Size": "$16.51/1kg $7.49/1lb", "Size Label": "ea"}, {"Category": "Frozen Meat & Seafood", "Aisle": "Frozen", "Sku": "21531280_EA", "Regular Price": "None", "Sale Price": "12.99", "Image": "https://assets.shop.loblaws.ca/products/21531280/b1/en/front/21531280_front_a01_@2.png", "Brand": "Blue Tide", "Url": "https://www.maxi.ca/cold-water-shrimp/p/21531280_EA", "Sub Category": null, "English Name": "Cold Water Shrimp", "Size": "400 g", "Size Label": "ea"}, {"Category": "Frozen Meat & Seafood", "Aisle": "Frozen", "Sku": "21479266_EA", "Regular Price": "None", "Sale Price": "5.49", "Image": "https://assets.shop.loblaws.ca/products/21479266/b1/en/front/21479266_front_a01_@2.png", "Brand": "Salads of the Sea", "Url": "https://www.maxi.ca/smoky-bacon-crab-flavoured-dip/p/21479266_EA", "Sub Category": null, "English Name": "Smoky Bacon Crab Flavoured Dip", "Size": "198 g", "Size Label": "ea"}, {"Category": "Frozen Meat & Seafood", "Aisle": "Frozen", "Sku": "21209120_EA", "Regular Price": "None", "Sale Price": "30.00", "Image": "https://assets.shop.loblaws.ca/products/21209120/b1/en/front/21209120_front_a01_@2.png", "Brand": null, "Url": "https://www.maxi.ca/turkey-7-9kg-frozen/p/21209120_EA", "Sub Category": null, "English Name": "Turkey 7-9KG, Frozen", "Size": "1 ea", "Size Label": "ea"}, {"Category": "Frozen Meat & Seafood", "Aisle": "Frozen", "Sku": "20085619_KG", "Regular Price": "None", "Sale Price": "48.88", "Image": "https://assets.shop.loblaws.ca/products/20085619/b1/en/front/20085619_front_a01_@2.png", "Brand": null, "Url": "https://www.maxi.ca/frozen-grade-a-turkey-7-9-kg/p/20085619_KG", "Sub Category": null, "English Name": "Frozen Grade A Turkey 7-9 Kg", "Size": "$2.77/1lb $6.11/1kg", "Size Label": "ea"}, {"Category": "Frozen Meat & Seafood", "Aisle": "Frozen", "Sku": "20068076_KG", "Regular Price": "None", "Sale Price": "24.44", "Image": "https://assets.shop.loblaws.ca/products/20068076/b1/en/front/20068076_front_a01_@2.png", "Brand": null, "Url": "https://www.maxi.ca/frozen-grade-a-turkey-3-5-kg/p/20068076_KG", "Sub Category": null, "English Name": "Frozen Grade A Turkey 3-5 Kg", "Size": "$2.77/1lb $6.11/1kg", "Size Label": "ea"}, {"Category": "Frozen Meat & Seafood", "Aisle": "Frozen", "Sku": "21286263_EA", "Regular Price": "None", "Sale Price": "28.00", "Image": "https://assets.shop.loblaws.ca/products/21286263/b1/en/front/21286263_front_a01_@2.png", "Brand": "Butterball", "Url": "https://www.maxi.ca/frozen-turkey-3-5-kg/p/21286263_EA", "Sub Category": null, "English Name": "Frozen Turkey, 3-5 Kg", "Size": "4 kg", "Size Label": "ea"}, {"Category": "Frozen Meat & Seafood", "Aisle": "Frozen", "Sku": "21286266_EA", "Regular Price": "None", "Sale Price": "38.00", "Image": "https://assets.shop.loblaws.ca/products/21286266/b1/en/front/21286266_front_a01_@2.png", "Brand": "Butterball", "Url": "https://www.maxi.ca/frozen-turkey-5-7-kg/p/21286266_EA", "Sub Category": null, "English Name": "Frozen Turkey, 5-7 Kg", "Size": "6 kg", "Size Label": "ea"}, {"Category": "Frozen Meat & Seafood", "Aisle": "Frozen", "Sku": "21400895_EA", "Regular Price": "None", "Sale Price": "32.00", "Image": "https://assets.shop.loblaws.ca/products/21400895/b1/en/front/21400895_front_a01_@2.png", "Brand": "President's Choice", "Url": "https://www.maxi.ca/butter-infused-turkey-crown/p/21400895_EA", "Sub Category": null, "English Name": "Butter-Infused Turkey Crown\t", "Size": "2.5 kg", "Size Label": "ea"}, {"Category": "Frozen Meat & Seafood", "Aisle": "Frozen", "Sku": "21286274_EA", "Regular Price": "None", "Sale Price": "53.00", "Image": "https://assets.shop.loblaws.ca/products/21286274/b1/en/front/21286274_front_a01_@2.png", "Brand": "Butterball", "Url": "https://www.maxi.ca/frozen-stuffed-turkey-7-9-kg/p/21286274_EA", "Sub Category": null, "English Name": "Frozen Stuffed Turkey 7-9 Kg", "Size": "8 kg", "Size Label": "ea"}, {"Category": "Frozen Meat & Seafood", "Aisle": "Frozen", "Sku": "21526219_EA", "Regular Price": "None", "Sale Price": "10.00", "Image": "https://assets.shop.loblaws.ca/products/21526219/b1/en/front/21526219_front_a01_@2.png", "Brand": null, "Url": "https://www.maxi.ca/chicken-fries-fully-cooked/p/21526219_EA", "Sub Category": null, "English Name": "Chicken Fries, Fully Cooked", "Size": "1.5 kg", "Size Label": "ea"}, {"Category": "Frozen Meat & Seafood", "Aisle": "Frozen", "Sku": "21209103_EA", "Regular Price": "None", "Sale Price": "18.00", "Image": "https://assets.shop.loblaws.ca/products/21209103/b1/en/front/21209103_front_a01_@2.png", "Brand": null, "Url": "https://www.maxi.ca/turkey-3-5kg-frozen/p/21209103_EA", "Sub Category": null, "English Name": "Turkey 3-5KG, Frozen", "Size": "1 ea", "Size Label": "ea"}, {"Category": "Frozen Meat & Seafood", "Aisle": "Frozen", "Sku": "21345429_EA", "Regular Price": "None", "Sale Price": "15.99", "Image": "https://assets.shop.loblaws.ca/products/21345429/b1/en/front/21345429_front_a01_@2.png", "Brand": "Plaisirs Gastronomiques", "Url": "https://www.maxi.ca/swedish-meatballs/p/21345429_EA", "Sub Category": null, "English Name": "Swedish Meatballs", "Size": "500 g", "Size Label": "ea"}, {"Category": "Frozen Meat & Seafood", "Aisle": "Frozen", "Sku": "21380939_EA", "Regular Price": "None", "Sale Price": "14.49", "Image": "https://assets.shop.loblaws.ca/products/21380939/b1/en/front/21380939_front_a01_@2.png", "Brand": "Flamingo", "Url": "https://www.maxi.ca/bacon-cheese-chicken-burger-6-burgers-600-g/p/21380939_EA", "Sub Category": null, "English Name": "Bacon & Cheese Chicken Burger 6 Burgers 600 g", "Size": "600 g", "Size Label": "ea"}, {"Category": "Frozen Meat & Seafood", "Aisle": "Frozen", "Sku": "20296596003_EA", "Regular Price": "16.99", "Sale Price": "9.79", "Image": "https://assets.shop.loblaws.ca/products/20296596003/b1/en/front/20296596003_front_a01_@2.png", "Brand": "High Liner", "Url": "https://www.maxi.ca/pan-sear-selects-salmon-mediterranean/p/20296596003_EA", "Sub Category": null, "English Name": "Pan Sear Selects Salmon, Mediterranean", "Size": "540 g", "Size Label": "ea"}, {"Category": "Frozen Meat & Seafood", "Aisle": "Frozen", "Sku": "20792242_EA", "Regular Price": "None", "Sale Price": "14.99", "Image": "https://assets.shop.loblaws.ca/products/20792242/b1/en/front/20792242_front_a01_@2.png", "Brand": "Anchor Bay", "Url": "https://www.maxi.ca/cooked-shrimp-61-70-ct/p/20792242_EA", "Sub Category": null, "English Name": "Cooked Shrimp 61-70 ct", "Size": "454 g", "Size Label": "ea"}, {"Category": "Frozen Meat & Seafood", "Aisle": "Frozen", "Sku": "21400605_EA", "Regular Price": "None", "Sale Price": "22.99", "Image": "https://assets.shop.loblaws.ca/products/21400605/b1/en/front/21400605_front_a01_@2.png", "Brand": "President's Choice", "Url": "https://www.maxi.ca/lobster-and-scallop-seafood-bake/p/21400605_EA", "Sub Category": null, "English Name": "Lobster and Scallop Seafood Bake", "Size": "700 g", "Size Label": "ea"}, {"Category": "Frozen Meat & Seafood", "Aisle": "Frozen", "Sku": "21427245_KG", "Regular Price": "None", "Sale Price": "28.00", "Image": "https://assets.shop.loblaws.ca/products/21427245/b1/en/front/21427245_front_a01_@2.png", "Brand": "Pinty's", "Url": "https://www.maxi.ca/young-turkey-heritage-recipe-seasoned-with-natural/p/21427245_KG", "Sub Category": null, "English Name": "Young Turkey Heritage Recipe Seasoned With Natural Flavours, 5-7 KG Frozen", "Size": "$5.49/1kg $2.49/1lb", "Size Label": "ea"}, {"Category": "Frozen Meat & Seafood", "Aisle": "Frozen", "Sku": "21286685_EA", "Regular Price": "None", "Sale Price": "12.99", "Image": "https://assets.shop.loblaws.ca/products/21286685/b1/en/front/21286685_front_a01_@2.png", "Brand": "La Cage", "Url": "https://www.maxi.ca/by-exceldor-spicy-chicken-wings-smoked-paprika-and/p/21286685_EA", "Sub Category": null, "English Name": "by Exceldor Spicy Chicken Wings Smoked Paprika and Maple", "Size": "550 g", "Size Label": "ea"}, {"Category": "Frozen Meat & Seafood", "Aisle": "Frozen", "Sku": "21498124_EA", "Regular Price": "None", "Sale Price": "13.99", "Image": "https://assets.shop.loblaws.ca/products/21498124/b1/en/front/21498124_front_a01_@2.png", "Brand": "Blue Tide", "Url": "https://www.maxi.ca/cold-water-shrimp/p/21498124_EA", "Sub Category": null, "English Name": "Cold Water Shrimp", "Size": "400 g", "Size Label": "ea"}, {"Category": "Frozen Meat & Seafood", "Aisle": "Frozen", "Sku": "20325686_EA", "Regular Price": "None", "Sale Price": "14.99", "Image": "https://assets.shop.loblaws.ca/products/20325686/b1/en/front/20325686_front_a01_@2.png", "Brand": "PC Blue Menu", "Url": "https://www.maxi.ca/scottish-haddock-fillets/p/20325686_EA", "Sub Category": null, "English Name": "Scottish Haddock Fillets", "Size": "600 g", "Size Label": "ea"}, {"Category": "Frozen Meat & Seafood", "Aisle": "Frozen", "Sku": "20834723_EA", "Regular Price": "None", "Sale Price": "4.00", "Image": "https://assets.shop.loblaws.ca/products/20834723/b1/en/front/20834723_front_a01_@2.png", "Brand": "Malimousse", "Url": "https://www.maxi.ca/shrimp-spread/p/20834723_EA", "Sub Category": null, "English Name": "Shrimp Spread", "Size": "130 g", "Size Label": "ea"}, {"Category": "Frozen Meat & Seafood", "Aisle": "Frozen", "Sku": "21045668_EA", "Regular Price": "None", "Sale Price": "14.00", "Image": "https://assets.shop.loblaws.ca/products/21045668/b1/en/front/21045668_front_a01_@2.png", "Brand": "No Name", "Url": "https://www.maxi.ca/buffalo-chicken-wings/p/21045668_EA", "Sub Category": null, "English Name": "Buffalo Chicken Wings", "Size": "908 g", "Size Label": "ea"}, {"Category": "Frozen Meat & Seafood", "Aisle": "Frozen", "Sku": "20719693_EA", "Regular Price": "15.99", "Sale Price": "12.99", "Image": "https://assets.shop.loblaws.ca/products/20719693/b1/en/front/20719693_front_a01_@2.png", "Brand": "St Hubert", "Url": "https://www.maxi.ca/frozen-back-ribs/p/20719693_EA", "Sub Category": null, "English Name": "Frozen Back Ribs", "Size": "680 g", "Size Label": "ea"}, {"Category": "Frozen Meat & Seafood", "Aisle": "Frozen", "Sku": "20708932_EA", "Regular Price": "None", "Sale Price": "17.99", "Image": "https://assets.shop.loblaws.ca/products/20708932/b1/en/front/20708932_front_a01_@2.png", "Brand": "President's Choice", "Url": "https://www.maxi.ca/chicken-wings-crisp-crunchy-mild-southern-style/p/20708932_EA", "Sub Category": null, "English Name": "Chicken Wings, Crisp & Crunchy Mild Southern-Style\u00a0", "Size": "907 g", "Size Label": "ea"}, {"Category": "Frozen Meat & Seafood", "Aisle": "Frozen", "Sku": "21219316_EA", "Regular Price": "11.99", "Sale Price": "9.79", "Image": "https://assets.shop.loblaws.ca/products/21219316/b1/en/front/21219316_front_a01_@2.png", "Brand": "High Liner", "Url": "https://www.maxi.ca/alaska-wild-pollock-fish-wings-buffalo-wings-seaso/p/21219316_EA", "Sub Category": null, "English Name": "Alaska Wild Pollock Fish Wings Buffalo Wings Seasoning", "Size": "454 g", "Size Label": "ea"}, {"Category": "Frozen Meat & Seafood", "Aisle": "Frozen", "Sku": "20708931_EA", "Regular Price": "None", "Sale Price": "17.99", "Image": "https://assets.shop.loblaws.ca/products/20708931/b1/en/front/20708931_front_a01_@2.png", "Brand": "President's Choice", "Url": "https://www.maxi.ca/medium-buffalo-style-chicken-wings/p/20708931_EA", "Sub Category": null, "English Name": "Medium Buffalo-Style Chicken Wings", "Size": "907 g", "Size Label": "ea"}, {"Category": "Frozen Meat & Seafood", "Aisle": "Frozen", "Sku": "20976930_EA", "Regular Price": "None", "Sale Price": "10.99", "Image": "https://assets.shop.loblaws.ca/products/20976930/b1/en/front/20976930_front_a01_@2.png", "Brand": "President's Choice", "Url": "https://www.maxi.ca/candied-salmon-maple-flavour/p/20976930_EA", "Sub Category": null, "English Name": "Candied Salmon, Maple Flavour", "Size": "150 g", "Size Label": "ea"}, {"Category": "Frozen Meat & Seafood", "Aisle": "Frozen", "Sku": "21464816_EA", "Regular Price": "None", "Sale Price": "14.49", "Image": "https://assets.shop.loblaws.ca/products/21464816/b1/en/front/21464816_front_a01_@2.png", "Brand": "Flamingo", "Url": "https://www.maxi.ca/chicken-wings-spicy-bbq-crispy/p/21464816_EA", "Sub Category": null, "English Name": "Chicken Wings Spicy Bbq & Crispy", "Size": "550 g", "Size Label": "ea"}, {"Category": "Frozen Meat & Seafood", "Aisle": "Frozen", "Sku": "21506992_EA", "Regular Price": "None", "Sale Price": "12.99", "Image": "https://assets.shop.loblaws.ca/products/21506992/b1/en/front/21506992_front_a01_@2.png", "Brand": "Flamingo", "Url": "https://www.maxi.ca/seasoned-breaded-chicken-breast-fillets/p/21506992_EA", "Sub Category": null, "English Name": "Seasoned Breaded Chicken Breast Fillets", "Size": "600 g", "Size Label": "ea"}, {"Category": "Frozen Meat & Seafood", "Aisle": "Frozen", "Sku": "21532545_EA", "Regular Price": "None", "Sale Price": "13.99", "Image": "https://assets.shop.loblaws.ca/products/21532545/b1/en/front/21532545_front_a01_@2.png", "Brand": "La Cage", "Url": "https://www.maxi.ca/pork-rib-half-texas-bbq/p/21532545_EA", "Sub Category": null, "English Name": "Pork Rib Half, Texas BBQ", "Size": "550 g", "Size Label": "ea"}, {"Category": "Frozen Meat & Seafood", "Aisle": "Frozen", "Sku": "20889599_EA", "Regular Price": "None", "Sale Price": "9.99", "Image": "https://assets.shop.loblaws.ca/products/20889599/b1/en/front/20889599_front_a01_@2.png", "Brand": "High Liner", "Url": "https://www.maxi.ca/breaded-fish-burgers/p/20889599_EA", "Sub Category": null, "English Name": "Breaded Fish Burgers", "Size": "515 g", "Size Label": "ea"}, {"Category": "Frozen Meat & Seafood", "Aisle": "Frozen", "Sku": "21380663_EA", "Regular Price": "None", "Sale Price": "14.99", "Image": "https://assets.shop.loblaws.ca/products/21380663/b1/en/front/21380663_front_a01_@2.png", "Brand": "Arahova", "Url": "https://www.maxi.ca/butterfly-shrimp/p/21380663_EA", "Sub Category": null, "English Name": "Butterfly Shrimp", "Size": "300 g", "Size Label": "ea"}, {"Category": "Frozen Meat & Seafood", "Aisle": "Frozen", "Sku": "21525916_EA", "Regular Price": "16.99", "Sale Price": "9.79", "Image": "https://assets.shop.loblaws.ca/products/21525916/b1/en/front/21525916_front_a01_@2.png", "Brand": "High Liner", "Url": "https://www.maxi.ca/signature-cuts-beer-battered-fillets-haddock/p/21525916_EA", "Sub Category": null, "English Name": "Signature Cuts Beer Battered Fillets Haddock", "Size": "425 g", "Size Label": "ea"}, {"Category": "Frozen Meat & Seafood", "Aisle": "Frozen", "Sku": "21403310_EA", "Regular Price": "None", "Sale Price": "10.99", "Image": "https://assets.shop.loblaws.ca/products/21403310/b1/en/front/21403310_front_a01_@2.png", "Brand": null, "Url": "https://www.maxi.ca/tuna-tartare-all-included-caribbean/p/21403310_EA", "Sub Category": null, "English Name": "Tuna Tartare All Included Caribbean", "Size": "125 g", "Size Label": "ea"}, {"Category": "Frozen Meat & Seafood", "Aisle": "Frozen", "Sku": "21020930_EA", "Regular Price": "None", "Sale Price": "5.99", "Image": "https://assets.shop.loblaws.ca/products/21020930/b1/en/front/21020930_front_a01_@2.png", "Brand": "High Liner", "Url": "https://www.maxi.ca/crispy-breaded-fish-fillets/p/21020930_EA", "Sub Category": null, "English Name": "Crispy Breaded Fish Fillets", "Size": "350 g", "Size Label": "ea"}, {"Category": "Frozen Meat & Seafood", "Aisle": "Frozen", "Sku": "21044919_EA", "Regular Price": "None", "Sale Price": "8.49", "Image": "https://assets.shop.loblaws.ca/products/21044919/b1/en/front/21044919_front_a01_@2.png", "Brand": "Seaquest", "Url": "https://www.maxi.ca/cooked-shrimp/p/21044919_EA", "Sub Category": null, "English Name": "Cooked Shrimp", "Size": "300 g", "Size Label": "ea"}, {"Category": "Frozen Meat & Seafood", "Aisle": "Frozen", "Sku": "21332404_EA", "Regular Price": "None", "Sale Price": "13.99", "Image": "https://assets.shop.loblaws.ca/products/21332404/b1/en/front/21332404_front_a01_@2.png", "Brand": "PC Organics", "Url": "https://www.maxi.ca/organics-peeled-raw-black-tiger-shrimp/p/21332404_EA", "Sub Category": null, "English Name": "Organics Peeled Raw Black Tiger Shrimp", "Size": "300 g", "Size Label": "ea"}, {"Category": "Frozen Meat & Seafood", "Aisle": "Frozen", "Sku": "20080289_EA", "Regular Price": "7.99", "Sale Price": "6.00", "Image": "https://assets.shop.loblaws.ca/products/20080289/b1/en/front/20080289_front_a01_@2.png", "Brand": "Seaquest", "Url": "https://www.maxi.ca/shrimp-ring/p/20080289_EA", "Sub Category": null, "English Name": "Shrimp Ring", "Size": "227 g", "Size Label": "ea"}, {"Category": "Frozen Meat & Seafood", "Aisle": "Frozen", "Sku": "21033544_KG", "Regular Price": "None", "Sale Price": "32.51", "Image": "https://assets.shop.loblaws.ca/products/21033544/b1/en/front/21033544_front_a01_@2.png", "Brand": "Sufra", "Url": "https://www.maxi.ca/halal-frozen-turkey/p/21033544_KG", "Sub Category": null, "English Name": "Halal Frozen Turkey", "Size": "$2.77/1lb $6.11/1kg", "Size Label": "ea"}, {"Category": "Frozen Meat & Seafood", "Aisle": "Frozen", "Sku": "21507078_EA", "Regular Price": "None", "Sale Price": "10.00", "Image": "https://assets.shop.loblaws.ca/products/21507078/b1/en/front/21507078_front_a01_@2.png", "Brand": null, "Url": "https://www.maxi.ca/chicken-mozzarella/p/21507078_EA", "Sub Category": null, "English Name": "Chicken Mozzarella", "Size": "1 kg", "Size Label": "ea"}, {"Category": "Frozen Meat & Seafood", "Aisle": "Frozen", "Sku": "21367815_EA", "Regular Price": "None", "Sale Price": "24.99", "Image": "https://assets.shop.loblaws.ca/products/21367815/b1/en/front/21367815_front_a01_@2.png", "Brand": "Saha", "Url": "https://www.maxi.ca/boneless-white-dark-turkey-seasoned/p/21367815_EA", "Sub Category": null, "English Name": "Boneless White & Dark Turkey Seasoned", "Size": "1.5 kg", "Size Label": "ea"}, {"Category": "Frozen Meat & Seafood", "Aisle": "Frozen", "Sku": "20822448_EA", "Regular Price": "None", "Sale Price": "52.99", "Image": "https://assets.shop.loblaws.ca/products/20822448/b1/en/front/20822448_front_a01_@2.png", "Brand": "President's Choice", "Url": "https://www.maxi.ca/easy-carve-turkey-with-traditional-cranberry-stuff/p/20822448_EA", "Sub Category": null, "English Name": "Easy Carve Turkey with Traditional Cranberry Stuffing", "Size": "3.85 kg", "Size Label": "ea"}, {"Category": "Frozen Meat & Seafood", "Aisle": "Frozen", "Sku": "21209126_EA", "Regular Price": "None", "Sale Price": "36.00", "Image": "https://assets.shop.loblaws.ca/products/21209126/b1/en/front/21209126_front_a01_@2.png", "Brand": null, "Url": "https://www.maxi.ca/utility-frozen-turkey-9-11-kg/p/21209126_EA", "Sub Category": null, "English Name": "Utility Frozen Turkey 9-11 Kg", "Size": "1 ea", "Size Label": "ea"}, {"Category": "Frozen Meat & Seafood", "Aisle": "Frozen", "Sku": "20181246_KG", "Regular Price": "None", "Sale Price": "43.50", "Image": "https://assets.shop.loblaws.ca/products/20181246/b1/en/front/20181246_front_a01_@2.png", "Brand": "Butterball", "Url": "https://www.maxi.ca/stuffed-frozen-turkey-5-7kg/p/20181246_KG", "Sub Category": null, "English Name": "Stuffed Frozen Turkey, 5-7kg", "Size": "$3.29/1lb $7.25/1kg", "Size Label": "ea"}, {"Category": "Frozen Meat & Seafood", "Aisle": "Frozen", "Sku": "20822446_EA", "Regular Price": "None", "Sale Price": "15.99", "Image": "https://assets.shop.loblaws.ca/products/20822446/b1/en/front/20822446_front_a01_@2.png", "Brand": "President's Choice", "Url": "https://www.maxi.ca/turkey-breast-roast-with-traditional-cranberry-stu/p/20822446_EA", "Sub Category": null, "English Name": "Turkey Breast Roast with Traditional Cranberry Stuffing", "Size": "1 kg", "Size Label": "ea"}, {"Category": "Frozen Meat & Seafood", "Aisle": "Frozen", "Sku": "21209114_EA", "Regular Price": "None", "Sale Price": "24.00", "Image": "https://assets.shop.loblaws.ca/products/21209114/b1/en/front/21209114_front_a01_@2.png", "Brand": null, "Url": "https://www.maxi.ca/turkey-5-7kg-frozen/p/21209114_EA", "Sub Category": null, "English Name": "Turkey, 5-7KG Frozen", "Size": "1 ea", "Size Label": "ea"}, {"Category": "Frozen Meat & Seafood", "Aisle": "Frozen", "Sku": "21044927_EA", "Regular Price": "None", "Sale Price": "7.99", "Image": "https://assets.shop.loblaws.ca/products/21044927/b1/en/front/21044927_front_a01_@2.png", "Brand": "Seaquest", "Url": "https://www.maxi.ca/pacific-white-shrimp/p/21044927_EA", "Sub Category": null, "English Name": "Pacific White Shrimp", "Size": "300 g", "Size Label": "ea"}, {"Category": "Frozen Meat & Seafood", "Aisle": "Frozen", "Sku": "21481380_EA", "Regular Price": "None", "Sale Price": "10.00", "Image": "https://assets.shop.loblaws.ca/products/21481380/b1/en/front/21481380_front_a01_@2.png", "Brand": null, "Url": "https://www.maxi.ca/chicken-parmesan/p/21481380_EA", "Sub Category": null, "English Name": "Chicken Parmesan ", "Size": "994 g", "Size Label": "ea"}, {"Category": "Frozen Meat & Seafood", "Aisle": "Frozen", "Sku": "21400947_EA", "Regular Price": "None", "Sale Price": "36.00", "Image": "https://assets.shop.loblaws.ca/products/21400947/b1/en/front/21400947_front_a01_@2.png", "Brand": "President's Choice", "Url": "https://www.maxi.ca/butter-infused-stuffed-turkey-crown/p/21400947_EA", "Sub Category": null, "English Name": "Butter-Infused Stuffed Turkey Crown", "Size": "3 kg", "Size Label": "ea"}, {"Category": "Frozen Meat & Seafood", "Aisle": "Frozen", "Sku": "20035576_KG", "Regular Price": "None", "Sale Price": "81.28", "Image": "https://assets.shop.loblaws.ca/products/20035576/b1/en/front/20035576_front_a01_@2.png", "Brand": null, "Url": "https://www.maxi.ca/frozen-utility-turkey-11kg-and-up/p/20035576_KG", "Sub Category": null, "English Name": "Frozen Utility Turkey, 11kg and up", "Size": "$2.39/1lb $5.27/1kg", "Size Label": "ea"}, {"Category": "Frozen Meat & Seafood", "Aisle": "Frozen", "Sku": "21475241_EA", "Regular Price": "None", "Sale Price": "8.49", "Image": "https://assets.shop.loblaws.ca/products/21475241/b1/en/front/21475241_front_a01_@2.png", "Brand": "Houston Avenue Bar & Grill", "Url": "https://www.maxi.ca/salmon-tartare-seasoned/p/21475241_EA", "Sub Category": null, "English Name": "Salmon Tartare Seasoned", "Size": "130 g", "Size Label": "ea"}, {"Category": "Frozen Meat & Seafood", "Aisle": "Frozen", "Sku": "21307673_EA", "Regular Price": "None", "Sale Price": "5.79", "Image": "https://assets.shop.loblaws.ca/products/21307673/b1/en/front/21307673_front_a01_@2.png", "Brand": "Grizzly", "Url": "https://www.maxi.ca/delicate-sliced-smoked-rainbow-trout/p/21307673_EA", "Sub Category": null, "English Name": "Delicate Sliced Smoked Rainbow Trout", "Size": "60 g", "Size Label": "ea"}, {"Category": "Frozen Meat & Seafood", "Aisle": "Frozen", "Sku": "21219480_EA", "Regular Price": "None", "Sale Price": "12.49", "Image": "https://assets.shop.loblaws.ca/products/21219480/b1/en/front/21219480_front_a01_@2.png", "Brand": "New Zealand", "Url": "https://www.maxi.ca/lamb-loin-chops/p/21219480_EA", "Sub Category": null, "English Name": "Lamb Loin Chops", "Size": "1 kg", "Size Label": "ea"}, {"Category": "Frozen Meat & Seafood", "Aisle": "Frozen", "Sku": "20979221_EA", "Regular Price": "None", "Sale Price": "10.79", "Image": "https://assets.shop.loblaws.ca/products/20979221/b1/en/front/20979221_front_a01_@2.png", "Brand": "President's Choice", "Url": "https://www.maxi.ca/creamy-bacon-pacific-white-shrimp/p/20979221_EA", "Sub Category": null, "English Name": "Creamy Bacon Pacific White Shrimp", "Size": "480 g", "Size Label": "ea"}, {"Category": "Frozen Meat & Seafood", "Aisle": "Frozen", "Sku": "21456462_EA", "Regular Price": "None", "Sale Price": "11.79", "Image": "https://assets.shop.loblaws.ca/products/21456462/b1/en/front/21456462_front_a01_@2.png", "Brand": "Grizzly", "Url": "https://www.maxi.ca/atlantic-salmon-half-smoked-sliced-gravlax/p/21456462_EA", "Sub Category": null, "English Name": "Atlantic Salmon Half-Smoked Sliced Gravlax", "Size": "100 g", "Size Label": "ea"}, {"Category": "Frozen Meat & Seafood", "Aisle": "Frozen", "Sku": "21186729_EA", "Regular Price": "16.99", "Sale Price": "9.79", "Image": "https://assets.shop.loblaws.ca/products/21186729/b1/en/front/21186729_front_a01_@2.png", "Brand": "High Liner", "Url": "https://www.maxi.ca/crispy-breaded-frozen-haddock-fillets-uncooked/p/21186729_EA", "Sub Category": null, "English Name": "Crispy, Breaded, Frozen Haddock Fillets, Uncooked", "Size": "425 g", "Size Label": "ea"}, {"Category": "Frozen Meat & Seafood", "Aisle": "Frozen", "Sku": "20844670_EA", "Regular Price": "16.99", "Sale Price": "9.79", "Image": "https://assets.shop.loblaws.ca/products/20844670/b1/en/front/20844670_front_a01_@2.png", "Brand": "High Liner", "Url": "https://www.maxi.ca/pan-sear-selects-haddock-traditional/p/20844670_EA", "Sub Category": null, "English Name": "Pan Sear Selects Haddock, Traditional", "Size": "540 g", "Size Label": "ea"}, {"Category": "Frozen Meat & Seafood", "Aisle": "Frozen", "Sku": "21446169_EA", "Regular Price": "None", "Sale Price": "10.99", "Image": "https://assets.shop.loblaws.ca/products/21446169/b1/en/front/21446169_front_a01_@2.png", "Brand": "President's Choice", "Url": "https://www.maxi.ca/kofta-beef-meatballs/p/21446169_EA", "Sub Category": null, "English Name": "Kofta Beef Meatballs", "Size": "454 g", "Size Label": "ea"}, {"Category": "Frozen Meat & Seafood", "Aisle": "Frozen", "Sku": "20845016_EA", "Regular Price": "16.99", "Sale Price": "9.79", "Image": "https://assets.shop.loblaws.ca/products/20845016/b1/en/front/20845016_front_a01_@2.png", "Brand": "High Liner", "Url": "https://www.maxi.ca/pan-sear-selects-haddock-roasted-garlic/p/20845016_EA", "Sub Category": null, "English Name": "Pan Sear Selects, Haddock Roasted Garlic", "Size": "500 g", "Size Label": "ea"}, {"Category": "Frozen Meat & Seafood", "Aisle": "Frozen", "Sku": "21473698_EA", "Regular Price": "None", "Sale Price": "10.00", "Image": "https://assets.shop.loblaws.ca/products/21473698/b1/en/front/21473698_front_a01_@2.png", "Brand": null, "Url": "https://www.maxi.ca/breaded-squid-rings/p/21473698_EA", "Sub Category": null, "English Name": "Breaded Squid Rings", "Size": "908 g", "Size Label": "ea"}, {"Category": "Frozen Meat & Seafood", "Aisle": "Frozen", "Sku": "20084502_KG", "Regular Price": "None", "Sale Price": "28.97", "Image": "https://assets.shop.loblaws.ca/products/20084502/b1/en/front/20084502_front_a01_@2.png", "Brand": null, "Url": "https://www.maxi.ca/seasoned-turkey-5-7-kg/p/20084502_KG", "Sub Category": null, "English Name": "Seasoned Turkey, 5-7 KG", "Size": "$2.77/1lb $6.11/1kg", "Size Label": "ea"}, {"Category": "Frozen Meat & Seafood", "Aisle": "Frozen", "Sku": "21507242_EA", "Regular Price": "None", "Sale Price": "13.49", "Image": "https://assets.shop.loblaws.ca/products/21507242/b1/en/front/21507242_front_a01_@2.png", "Brand": "Flamingo", "Url": "https://www.maxi.ca/breaded-chicken-breast-nuggets/p/21507242_EA", "Sub Category": null, "English Name": "Breaded Chicken Breast Nuggets", "Size": "680 g", "Size Label": "ea"}, {"Category": "Frozen Meat & Seafood", "Aisle": "Frozen", "Sku": "21478301_EA", "Regular Price": "None", "Sale Price": "16.99", "Image": "https://assets.shop.loblaws.ca/products/21478301/b1/en/front/21478301_front_a01_@2.png", "Brand": "Royal", "Url": "https://www.maxi.ca/maplewood-smoked-coho-salmon/p/21478301_EA", "Sub Category": null, "English Name": "Maplewood Smoked Coho Salmon", "Size": "300 g", "Size Label": "ea"}, {"Category": "Frozen Meat & Seafood", "Aisle": "Frozen", "Sku": "21309516_EA", "Regular Price": "16.99", "Sale Price": "9.79", "Image": "https://assets.shop.loblaws.ca/products/21309516/b1/en/front/21309516_front_a01_@2.png", "Brand": "High Liner", "Url": "https://www.maxi.ca/oven-crunch-shrimp/p/21309516_EA", "Sub Category": null, "English Name": "Oven Crunch Shrimp", "Size": "510 g", "Size Label": "ea"}, {"Category": "Frozen Meat & Seafood", "Aisle": "Frozen", "Sku": "21332386_EA", "Regular Price": "None", "Sale Price": "13.49", "Image": "https://assets.shop.loblaws.ca/products/21332386/b1/en/front/21332386_front_a01_@2.png", "Brand": "President's Choice", "Url": "https://www.maxi.ca/raw-shrimp/p/21332386_EA", "Sub Category": null, "English Name": "Raw Shrimp", "Size": "340 g", "Size Label": "ea"}, {"Category": "Frozen Meat & Seafood", "Aisle": "Frozen", "Sku": "20296596005_EA", "Regular Price": "16.99", "Sale Price": "9.79", "Image": "https://assets.shop.loblaws.ca/products/20296596005/b1/en/front/20296596005_front_a01_@2.png", "Brand": "High Liner", "Url": "https://www.maxi.ca/pan-sear-selects-tilapia-lime-chili/p/20296596005_EA", "Sub Category": null, "English Name": "Pan Sear Selects Tilapia, Lime Chili", "Size": "540 g", "Size Label": "ea"}, {"Category": "Frozen Meat & Seafood", "Aisle": "Frozen", "Sku": "21020919_EA", "Regular Price": "None", "Sale Price": "5.99", "Image": "https://assets.shop.loblaws.ca/products/21020919/b1/en/front/21020919_front_a01_@2.png", "Brand": "High Liner", "Url": "https://www.maxi.ca/wild-pollock-english-style-batter/p/21020919_EA", "Sub Category": null, "English Name": "Wild Pollock, English Style Batter", "Size": "350 g", "Size Label": "ea"}, {"Category": "Frozen Meat & Seafood", "Aisle": "Frozen", "Sku": "20991931_EA", "Regular Price": "None", "Sale Price": "4.00", "Image": "https://assets.shop.loblaws.ca/products/20991931/b1/en/front/20991931_front_a01_@2.png", "Brand": "La Boucanerie", "Url": "https://www.maxi.ca/smoked-trout-spread/p/20991931_EA", "Sub Category": null, "English Name": "Smoked Trout Spread", "Size": "160 g", "Size Label": "ea"}, {"Category": "Frozen Meat & Seafood", "Aisle": "Frozen", "Sku": "21184677_EA", "Regular Price": "11.99", "Sale Price": "9.79", "Image": "https://assets.shop.loblaws.ca/products/21184677/b1/en/front/21184677_front_a01_@2.png", "Brand": "High Liner", "Url": "https://www.maxi.ca/breaded-haddock-bites-original-uncooked/p/21184677_EA", "Sub Category": null, "English Name": "Breaded Haddock Bites, Original, Uncooked", "Size": "600 g", "Size Label": "ea"}, {"Category": "Frozen Meat & Seafood", "Aisle": "Frozen", "Sku": "21529575_EA", "Regular Price": "None", "Sale Price": "13.49", "Image": "https://assets.shop.loblaws.ca/products/21529575/b1/en/front/21529575_front_a01_@2.png", "Brand": "Lous", "Url": "https://www.maxi.ca/tender-slow-roasted-pork-back-ribs-fully-cooked-in/p/21529575_EA", "Sub Category": null, "English Name": "Tender Slow Roasted Pork Back Ribs Fully Cooked In Barbecue Sauce", "Size": "600 g", "Size Label": "ea"}, {"Category": "Frozen Meat & Seafood", "Aisle": "Frozen", "Sku": "21286677_EA", "Regular Price": "None", "Sale Price": "12.99", "Image": "https://assets.shop.loblaws.ca/products/21286677/b1/en/front/21286677_front_a01_@2.png", "Brand": "La Cage", "Url": "https://www.maxi.ca/by-exceldor-buffalo-spicy-chicken-wings/p/21286677_EA", "Sub Category": null, "English Name": "by Exceldor Buffalo Spicy Chicken Wings", "Size": "550 g", "Size Label": "ea"}, {"Category": "Frozen Meat & Seafood", "Aisle": "Frozen", "Sku": "21193663_EA", "Regular Price": "None", "Sale Price": "12.99", "Image": "https://assets.shop.loblaws.ca/products/21193663/b1/en/front/21193663_front_a01_@2.png", "Brand": "Flamingo", "Url": "https://www.maxi.ca/breaded-chicken-breast-burger/p/21193663_EA", "Sub Category": null, "English Name": "Breaded Chicken Breast Burger", "Size": "600 g", "Size Label": "ea"}, {"Category": "Frozen Meat & Seafood", "Aisle": "Frozen", "Sku": "21194597_EA", "Regular Price": "None", "Sale Price": "9.99", "Image": "https://assets.shop.loblaws.ca/products/21194597/b1/en/front/21194597_front_a01_@2.png", "Brand": "High Liner", "Url": "https://www.maxi.ca/roasted-garlic-herb-fillets-breaded-seasoned-pollo/p/21194597_EA", "Sub Category": null, "English Name": "Roasted Garlic & Herb Fillets, Breaded Seasoned Pollock", "Size": "500 g", "Size Label": "ea"}, {"Category": "Frozen Meat & Seafood", "Aisle": "Frozen", "Sku": "21220644_EA", "Regular Price": "None", "Sale Price": "19.49", "Image": "https://assets.shop.loblaws.ca/products/21220644/b1/en/front/21220644_front_a01_@2.png", "Brand": "President's Choice", "Url": "https://www.maxi.ca/bacon-wrapped-wild-sea-scallops/p/21220644_EA", "Sub Category": null, "English Name": "Bacon-Wrapped Wild Sea Scallops", "Size": "260 g", "Size Label": "ea"}, {"Category": "Frozen Meat & Seafood", "Aisle": "Frozen", "Sku": "20324259001_EA", "Regular Price": "None", "Sale Price": "14.99", "Image": "https://assets.shop.loblaws.ca/products/20324259001/b1/en/front/20324259001_front_a01_@2.png", "Brand": "President's Choice", "Url": "https://www.maxi.ca/haddock-hops-battered-wild-haddock-fillets/p/20324259001_EA", "Sub Category": null, "English Name": "Haddock & Hops Battered Wild Haddock Fillets", "Size": "550 g", "Size Label": "ea"}, {"Category": "Frozen Meat & Seafood", "Aisle": "Frozen", "Sku": "21044529_EA", "Regular Price": "None", "Sale Price": "7.79", "Image": "https://assets.shop.loblaws.ca/products/21044529/b1/en/front/21044529_front_a01_@2.png", "Brand": "Seaquest", "Url": "https://www.maxi.ca/pacific-white-shrimp/p/21044529_EA", "Sub Category": null, "English Name": "Pacific White Shrimp", "Size": "300 g", "Size Label": "ea"}, {"Category": "Frozen Meat & Seafood", "Aisle": "Frozen", "Sku": "21464882_EA", "Regular Price": "None", "Sale Price": "14.49", "Image": "https://assets.shop.loblaws.ca/products/21464882/b1/en/front/21464882_front_a01_@2.png", "Brand": "Flamingo", "Url": "https://www.maxi.ca/buffalo-chicken-wings/p/21464882_EA", "Sub Category": null, "English Name": "Buffalo Chicken Wings", "Size": "550 g", "Size Label": "ea"}, {"Category": "Frozen Meat & Seafood", "Aisle": "Frozen", "Sku": "21415034_EA", "Regular Price": "None", "Sale Price": "10.00", "Image": "https://assets.shop.loblaws.ca/products/21415034/b1/en/front/21415034_front_a01_@2.png", "Brand": null, "Url": "https://www.maxi.ca/uncooked-breaded-fish-cakes/p/21415034_EA", "Sub Category": null, "English Name": "Uncooked Breaded Fish Cakes", "Size": "1 kg", "Size Label": "ea"}, {"Category": "Frozen Meat & Seafood", "Aisle": "Frozen", "Sku": "21045311_EA", "Regular Price": "None", "Sale Price": "14.00", "Image": "https://assets.shop.loblaws.ca/products/21045311/b1/en/front/21045311_front_a01_@2.png", "Brand": "No Name", "Url": "https://www.maxi.ca/chicken-wings-honey-garlic/p/21045311_EA", "Sub Category": null, "English Name": "Chicken Wings, Honey Garlic", "Size": "908 g", "Size Label": "ea"}, {"Category": "Frozen Meat & Seafood", "Aisle": "Frozen", "Sku": "21045313_EA", "Regular Price": "None", "Sale Price": "14.00", "Image": "https://assets.shop.loblaws.ca/products/21045313/b1/en/front/21045313_front_a01_@2.png", "Brand": "No Name", "Url": "https://www.maxi.ca/chicken-wings-mild-bbq/p/21045313_EA", "Sub Category": null, "English Name": "Chicken Wings, Mild BBQ", "Size": "908 g", "Size Label": "ea"}, {"Category": "Frozen Meat & Seafood", "Aisle": "Frozen", "Sku": "21043700_EA", "Regular Price": "13.49", "Sale Price": "12.99", "Image": "https://assets.shop.loblaws.ca/products/21043700/b1/en/front/21043700_front_a01_@2.png", "Brand": "Seaquest", "Url": "https://www.maxi.ca/pacific-white-shrimp/p/21043700_EA", "Sub Category": null, "English Name": "Pacific White Shrimp", "Size": "680 g", "Size Label": "ea"}, {"Category": "Frozen Meat & Seafood", "Aisle": "Frozen", "Sku": "20042132_KG", "Regular Price": "None", "Sale Price": "27.01", "Image": "https://assets.shop.loblaws.ca/products/20042132/b1/en/front/20042132_front_a01_@2.png", "Brand": null, "Url": "https://www.maxi.ca/frozen-utility-turkey-3-5kg/p/20042132_KG", "Sub Category": null, "English Name": "Frozen Utility Turkey, 3-5kg", "Size": "$2.77/1lb $6.11/1kg", "Size Label": "ea"}, {"Category": "Frozen Meat & Seafood", "Aisle": "Frozen", "Sku": "20175382_KG", "Regular Price": "None", "Sale Price": "58.00", "Image": "https://assets.shop.loblaws.ca/products/20175382/b1/en/front/20175382_front_a01_@2.png", "Brand": "Butterball", "Url": "https://www.maxi.ca/frozen-turkey-7-9kg/p/20175382_KG", "Sub Category": null, "English Name": "Frozen Turkey 7-9kg", "Size": "$3.29/1lb $7.25/1kg", "Size Label": "ea"}, {"Category": "Frozen Meat & Seafood", "Aisle": "Frozen", "Sku": "20166983_KG", "Regular Price": "None", "Sale Price": "71.16", "Image": "https://assets.shop.loblaws.ca/products/20166983/b1/en/front/20166983_front_a01_@2.png", "Brand": null, "Url": "https://www.maxi.ca/frozen-grade-a-turkey-whole-over-11-kg/p/20166983_KG", "Sub Category": null, "English Name": "Frozen Grade A Turkey, Whole Over 11 Kg", "Size": "$5.93/1kg $2.69/1lb", "Size Label": "ea"}, {"Category": "Frozen Meat & Seafood", "Aisle": "Frozen", "Sku": "20104805_KG", "Regular Price": "None", "Sale Price": "38.43", "Image": "https://assets.shop.loblaws.ca/products/20104805/b1/en/front/20104805_front_a01_@2.png", "Brand": null, "Url": "https://www.maxi.ca/frozen-utility-turkey-5-7kg/p/20104805_KG", "Sub Category": null, "English Name": "Frozen Utility Turkey, 5-7kg", "Size": "$2.77/1lb $6.11/1kg", "Size Label": "ea"}, {"Category": "Frozen Meat & Seafood", "Aisle": "Frozen", "Sku": "20103952_KG", "Regular Price": "None", "Sale Price": "36.66", "Image": "https://assets.shop.loblaws.ca/products/20103952/b1/en/front/20103952_front_a01_@2.png", "Brand": null, "Url": "https://www.maxi.ca/frozen-grade-a-turkey-5-7-kg/p/20103952_KG", "Sub Category": null, "English Name": "Frozen Grade A Turkey 5-7 Kg", "Size": "$2.77/1lb $6.11/1kg", "Size Label": "ea"}, {"Category": "Frozen Meat & Seafood", "Aisle": "Frozen", "Sku": "21427222_KG", "Regular Price": "None", "Sale Price": "29.10", "Image": "https://assets.shop.loblaws.ca/products/21427222/b1/en/front/21427222_front_a01_@2.png", "Brand": "Pinty's", "Url": "https://www.maxi.ca/young-turkey-seasoned-with-natural-flavours-frozen/p/21427222_KG", "Sub Category": null, "English Name": "Young Turkey Seasoned with Natural Flavours, Frozen", "Size": "$5.49/1kg $2.49/1lb", "Size Label": "ea"}, {"Category": "Frozen Meat & Seafood", "Aisle": "Frozen", "Sku": "21488006_EA", "Regular Price": "None", "Sale Price": "24.99", "Image": "https://assets.shop.loblaws.ca/products/21488006/b1/en/front/21488006_front_a01_@2.png", "Brand": "Butterball", "Url": "https://www.maxi.ca/boneless-stuffed-turkey-ball-frozen/p/21488006_EA", "Sub Category": null, "English Name": "Boneless Stuffed Turkey Ball Frozen", "Size": "1.5 kg", "Size Label": "ea"}, {"Category": "Frozen Meat & Seafood", "Aisle": "Frozen", "Sku": "20613995_EA", "Regular Price": "None", "Sale Price": "24.99", "Image": "https://assets.shop.loblaws.ca/products/20613995/b1/en/front/20613995_front_a01_@2.png", "Brand": "Butterball", "Url": "https://www.maxi.ca/boneless-white-dark-meat-turkey-breast-roast/p/20613995_EA", "Sub Category": null, "English Name": "Boneless White & Dark Meat Turkey Breast Roast", "Size": "1.5 kg", "Size Label": "ea"}, {"Category": "Frozen Meat & Seafood", "Aisle": "Frozen", "Sku": "21286278_EA", "Regular Price": "None", "Sale Price": "48.00", "Image": "https://assets.shop.loblaws.ca/products/21286278/b1/en/front/21286278_front_a01_@2.png", "Brand": "Butterball", "Url": "https://www.maxi.ca/frozen-turkey-7-9-kg/p/21286278_EA", "Sub Category": null, "English Name": "Frozen Turkey 7-9 Kg", "Size": "8 kg", "Size Label": "ea"}, {"Category": "Frozen Meat & Seafood", "Aisle": "Frozen", "Sku": "20925395_EA", "Regular Price": "None", "Sale Price": "159.99", "Image": "https://assets.loblaws.ca/pcx_bronx_fe_assets/images/common/coming-soon-en-web.png", "Brand": null, "Url": "https://www.maxi.ca/whole-lamb-frozen/p/20925395_EA", "Sub Category": null, "English Name": "Whole Lamb, Frozen", "Size": "1 ea", "Size Label": "ea"}, {"Category": "Frozen Meat & Seafood", "Aisle": "Frozen", "Sku": "20979227_EA", "Regular Price": "None", "Sale Price": "10.79", "Image": "https://assets.shop.loblaws.ca/products/20979227/b1/en/front/20979227_front_a01_@2.png", "Brand": "President's Choice", "Url": "https://www.maxi.ca/lemon-garlic-pacific-white-shrimp/p/20979227_EA", "Sub Category": null, "English Name": "Lemon & Garlic Pacific White Shrimp", "Size": "480 g", "Size Label": "ea"}, {"Category": "Frozen Meat & Seafood", "Aisle": "Frozen", "Sku": "21179836_EA", "Regular Price": "None", "Sale Price": "2.49", "Image": "https://assets.shop.loblaws.ca/products/21179836/b1/en/front/21179836_front_a01_@2.png", "Brand": "Waterview Market", "Url": "https://www.maxi.ca/smoked-salmon/p/21179836_EA", "Sub Category": null, "English Name": "Smoked Salmon", "Size": "50 g", "Size Label": "ea"}, {"Category": "Frozen Meat & Seafood", "Aisle": "Frozen", "Sku": "20540249_EA", "Regular Price": "None", "Sale Price": "4.00", "Image": "https://assets.shop.loblaws.ca/products/20540249/b1/en/front/20540249_front_a01_@2.png", "Brand": "Malimousse", "Url": "https://www.maxi.ca/smoked-salmon-spread/p/20540249_EA", "Sub Category": null, "English Name": "Smoked Salmon Spread", "Size": "130 g", "Size Label": "ea"}, {"Category": "Frozen Meat & Seafood", "Aisle": "Frozen", "Sku": "20992428_KG", "Regular Price": "None", "Sale Price": "44.99", "Image": "https://assets.shop.loblaws.ca/products/20992428/b1/en/front/20992428_front_a01_@2.png", "Brand": "President's Choice", "Url": "https://www.maxi.ca/butter-infused-frozen-turkey-11-kg/p/20992428_KG", "Sub Category": null, "English Name": "Butter Infused Frozen Turkey - 11 kg", "Size": "$6.81/1kg $3.09/1lb", "Size Label": "ea"}, {"Category": "Frozen Meat & Seafood", "Aisle": "Frozen", "Sku": "20298836002_EA", "Regular Price": "None", "Sale Price": "9.99", "Image": "https://assets.shop.loblaws.ca/products/20298836002/b1/en/front/20298836002_front_a01_@2.png", "Brand": "High Liner", "Url": "https://www.maxi.ca/fish-sticks-with-crunchy-breading-sole/p/20298836002_EA", "Sub Category": null, "English Name": "Fish Sticks with Crunchy Breading, Sole", "Size": "350 g", "Size Label": "ea"}, {"Category": "Frozen Meat & Seafood", "Aisle": "Frozen", "Sku": "20941224_EA", "Regular Price": "None", "Sale Price": "15.99", "Image": "https://assets.shop.loblaws.ca/products/20941224/b1/en/front/20941224_front_a01_@2.png", "Brand": "PC Blue Menu", "Url": "https://www.maxi.ca/thick-juicy-lean-beef-burgers/p/20941224_EA", "Sub Category": null, "English Name": "Thick &\u00a0Juicy\u2122\u00a0Lean Beef Burgers\u00a0\u00a0", "Size": "1.13 kg", "Size Label": "ea"}, {"Category": "Frozen Meat & Seafood", "Aisle": "Frozen", "Sku": "21186254_EA", "Regular Price": "16.99", "Sale Price": "9.79", "Image": "https://assets.shop.loblaws.ca/products/21186254/b1/en/front/21186254_front_a01_@2.png", "Brand": "High Liner", "Url": "https://www.maxi.ca/english-style-battered-haddock-fillets-uncooked/p/21186254_EA", "Sub Category": null, "English Name": "English Style Battered Haddock Fillets, Uncooked", "Size": "425 g", "Size Label": "ea"}, {"Category": "Frozen Meat & Seafood", "Aisle": "Frozen", "Sku": "21522754_EA", "Regular Price": "None", "Sale Price": "15.99", "Image": "https://assets.shop.loblaws.ca/products/21522754/b1/en/front/21522754_front_a01_@2.png", "Brand": "PC Black Label", "Url": "https://www.maxi.ca/umami-wagyu-burgers/p/21522754_EA", "Sub Category": null, "English Name": "Umami Wagyu Burgers", "Size": "568 g", "Size Label": "ea"}, {"Category": "Frozen Meat & Seafood", "Aisle": "Frozen", "Sku": "20767512_EA", "Regular Price": "None", "Sale Price": "22.94", "Image": "https://assets.shop.loblaws.ca/products/20767512/b1/en/front/20767512_front_a01_@2.png", "Brand": "Butcher's Choice", "Url": "https://www.maxi.ca/beef-burger-club-pack/p/20767512_EA", "Sub Category": null, "English Name": "Beef Burger, Club Pack", "Size": "2.27 kg", "Size Label": "ea"}, {"Category": "Frozen Meat & Seafood", "Aisle": "Frozen", "Sku": "21043889_EA", "Regular Price": "None", "Sale Price": "8.49", "Image": "https://assets.shop.loblaws.ca/products/21043889/b1/en/front/21043889_front_a01_@2.png", "Brand": "Seaquest", "Url": "https://www.maxi.ca/pacific-white-shrimp-cooked/p/21043889_EA", "Sub Category": null, "English Name": "Pacific White Shrimp Cooked", "Size": "300 g", "Size Label": "ea"}, {"Category": "Frozen Meat & Seafood", "Aisle": "Frozen", "Sku": "21193676_EA", "Regular Price": "None", "Sale Price": "12.99", "Image": "https://assets.shop.loblaws.ca/products/21193676/b1/en/front/21193676_front_a01_@2.png", "Brand": "Flamingo", "Url": "https://www.maxi.ca/chicken-breast-chunkies/p/21193676_EA", "Sub Category": null, "English Name": "Chicken Breast Chunkies ", "Size": "750 g", "Size Label": "ea"}, {"Category": "Frozen Meat & Seafood", "Aisle": "Frozen", "Sku": "21344973_EA", "Regular Price": "None", "Sale Price": "4.79", "Image": "https://assets.shop.loblaws.ca/products/21344973/b1/en/front/21344973_front_a01_@2.png", "Brand": "Malimousse", "Url": "https://www.maxi.ca/trio-mousse/p/21344973_EA", "Sub Category": null, "English Name": "Trio Mousse", "Size": "210 g", "Size Label": "ea"}, {"Category": "Frozen Meat & Seafood", "Aisle": "Frozen", "Sku": "20819368_KG", "Regular Price": "None", "Sale Price": "48.60", "Image": "https://assets.shop.loblaws.ca/products/20819368/b1/en/front/20819368_front_a01_@2.png", "Brand": "President's Choice", "Url": "https://www.maxi.ca/free-from-short-cut-leg-australian-lamb/p/20819368_KG", "Sub Category": null, "English Name": "Free From Short Cut Leg Australian Lamb", "Size": "$17.61/1kg $7.99/1lb", "Size Label": "ea"}, {"Category": "Frozen Meat & Seafood", "Aisle": "Frozen", "Sku": "21480487_EA", "Regular Price": "None", "Sale Price": "5.49", "Image": "https://assets.shop.loblaws.ca/products/21480487/b1/en/front/21480487_front_a01_@2.png", "Brand": "Salads of the Sea", "Url": "https://www.maxi.ca/smoked-salmon-flavoured-dip/p/21480487_EA", "Sub Category": null, "English Name": "Smoked Salmon Flavoured Dip", "Size": "198 g", "Size Label": "ea"}, {"Category": "Frozen Meat & Seafood", "Aisle": "Frozen", "Sku": "21547041_EA", "Regular Price": "None", "Sale Price": "16.99", "Image": "https://assets.shop.loblaws.ca/products/21547041/b1/en/front/21547041_front_a01_@2.png", "Brand": "President's Choice", "Url": "https://www.maxi.ca/holiday-feast-turkey-stuffing-burgers/p/21547041_EA", "Sub Category": null, "English Name": "Holiday Feast Turkey Stuffing Burgers ", "Size": "568 g", "Size Label": "ea"}, {"Category": "Frozen Meat & Seafood", "Aisle": "Frozen", "Sku": "21217745_KG", "Regular Price": "None", "Sale Price": "26.46", "Image": "https://assets.shop.loblaws.ca/products/21217745/b1/en/front/21217745_front_a01_@2.png", "Brand": null, "Url": "https://www.maxi.ca/exceldor-turkey-seas-3-5kg-frozen/p/21217745_KG", "Sub Category": null, "English Name": "Exceldor Turkey Seas 3-5Kg Frozen", "Size": "$2.77/1lb $6.11/1kg", "Size Label": "ea"}, {"Category": "Frozen Meat & Seafood", "Aisle": "Frozen", "Sku": "21197428_EA", "Regular Price": "None", "Sale Price": "14.99", "Image": "https://assets.shop.loblaws.ca/products/21197428/b1/en/front/21197428_front_a01_@2.png", "Brand": "President's Choice", "Url": "https://www.maxi.ca/seafood-bake-tray-garlic-herb/p/21197428_EA", "Sub Category": null, "English Name": "Seafood Bake Tray Garlic Herb\u00a0", "Size": "700 g", "Size Label": "ea"}, {"Category": "Frozen Meat & Seafood", "Aisle": "Frozen", "Sku": "20118435_KG", "Regular Price": "None", "Sale Price": "43.50", "Image": "https://assets.shop.loblaws.ca/products/20118435/b1/en/front/20118435_front_a01_@2.png", "Brand": "Butterball", "Url": "https://www.maxi.ca/frozen-turkey-5-7kg/p/20118435_KG", "Sub Category": null, "English Name": "Frozen Turkey 5-7kg", "Size": "$3.29/1lb $7.25/1kg", "Size Label": "ea"}, {"Category": "Frozen Meat & Seafood", "Aisle": "Frozen", "Sku": "20997865_EA", "Regular Price": "None", "Sale Price": "4.00", "Image": "https://assets.shop.loblaws.ca/products/20997865/b1/en/front/20997865_front_a01_@2.png", "Brand": "La Boucanerie", "Url": "https://www.maxi.ca/smoked-salmon-spread/p/20997865_EA", "Sub Category": null, "English Name": "Smoked Salmon Spread", "Size": "160 g", "Size Label": "ea"}, {"Category": "Frozen Meat & Seafood", "Aisle": "Frozen", "Sku": "21433078_EA", "Regular Price": "None", "Sale Price": "4.99", "Image": "https://assets.shop.loblaws.ca/products/21433078/b1/en/front/21433078_front_a01_@2.png", "Brand": "Premier", "Url": "https://www.maxi.ca/seafood-mix/p/21433078_EA", "Sub Category": null, "English Name": "Seafood Mix", "Size": "340 g", "Size Label": "ea"}, {"Category": "Frozen Meat & Seafood", "Aisle": "Frozen", "Sku": "21193913_EA", "Regular Price": "None", "Sale Price": "11.99", "Image": "https://assets.shop.loblaws.ca/products/21193913/b1/en/front/21193913_front_a01_@2.png", "Brand": "Flamingo", "Url": "https://www.maxi.ca/chicken-burger/p/21193913_EA", "Sub Category": null, "English Name": "Chicken Burger", "Size": "680 g", "Size Label": "ea"}, {"Category": "Frozen Meat & Seafood", "Aisle": "Frozen", "Sku": "21530760_EA", "Regular Price": "None", "Sale Price": "8.49", "Image": "https://assets.shop.loblaws.ca/products/21530760/b1/en/front/21530760_front_a01_@2.png", "Brand": "Schneider", "Url": "https://www.maxi.ca/stadium-size-footlong-wieners/p/21530760_EA", "Sub Category": null, "English Name": "Stadium Size Footlong Wieners", "Size": "375 g", "Size Label": "ea"}, {"Category": "Frozen Meat & Seafood", "Aisle": "Frozen", "Sku": "20147098_EA", "Regular Price": "None", "Sale Price": "19.99", "Image": "https://assets.shop.loblaws.ca/products/20147098/b1/en/front/20147098_front_a01_@2.png", "Brand": "President's Choice", "Url": "https://www.maxi.ca/pacific-white-shrimp-platter-with-mild-cocktail-sa/p/20147098_EA", "Sub Category": null, "English Name": "Pacific White Shrimp Platter with Mild Cocktail Sauce", "Size": "568 g", "Size Label": "ea"}, {"Category": "Frozen Meat & Seafood", "Aisle": "Frozen", "Sku": "20303200003_EA", "Regular Price": "None", "Sale Price": "9.99", "Image": "https://assets.shop.loblaws.ca/products/20303200003/b1/en/front/20303200003_front_a01_@2.png", "Brand": "High Liner", "Url": "https://www.maxi.ca/fish-in-tempura-batter-family-pack/p/20303200003_EA", "Sub Category": null, "English Name": "Fish In Tempura Batter, Family Pack", "Size": "700 g", "Size Label": "ea"}, {"Category": "Frozen Meat & Seafood", "Aisle": "Frozen", "Sku": "20148240_EA", "Regular Price": "None", "Sale Price": "16.99", "Image": "https://assets.shop.loblaws.ca/products/20148240/b1/en/front/20148240_front_a01_@2.png", "Brand": "PC Blue Menu", "Url": "https://www.maxi.ca/italian-beef-meatballs/p/20148240_EA", "Sub Category": null, "English Name": "Italian Beef Meatballs", "Size": "907 g", "Size Label": "ea"}, {"Category": "Frozen Meat & Seafood", "Aisle": "Frozen", "Sku": "21404587_EA", "Regular Price": "None", "Sale Price": "11.99", "Image": "https://assets.shop.loblaws.ca/products/21404587/b1/en/front/21404587_front_a01_@2.png", "Brand": "President's Choice", "Url": "https://www.maxi.ca/oak-smoked-scottish-atlantic-salmon/p/21404587_EA", "Sub Category": null, "English Name": "Oak Smoked Scottish Atlantic Salmon", "Size": "150 g", "Size Label": "ea"}, {"Category": "Frozen Meat & Seafood", "Aisle": "Frozen", "Sku": "20891403_EA", "Regular Price": "None", "Sale Price": "4.99", "Image": "https://assets.shop.loblaws.ca/products/20891403/b1/en/front/20891403_front_a01_@2.png", "Brand": "No Name", "Url": "https://www.maxi.ca/stuffed-chicken-with-jalapeno-cheese/p/20891403_EA", "Sub Category": null, "English Name": "Stuffed Chicken with Jalapeno & Cheese", "Size": "284 g", "Size Label": "ea"}, {"Category": "Frozen Meat & Seafood", "Aisle": "Frozen", "Sku": "20766235_EA", "Regular Price": "None", "Sale Price": "15.99", "Image": "https://assets.shop.loblaws.ca/products/20766235/b1/en/front/20766235_front_a01_@2.png", "Brand": "PC Black Label", "Url": "https://www.maxi.ca/wagyu-beef-burgers/p/20766235_EA", "Sub Category": null, "English Name": "Wagyu Beef Burgers", "Size": "568 g", "Size Label": "ea"}, {"Category": "Frozen Meat & Seafood", "Aisle": "Frozen", "Sku": "20585364_EA", "Regular Price": "None", "Sale Price": "14.99", "Image": "https://assets.shop.loblaws.ca/products/20585364/b1/en/front/20585364_front_a01_@2.png", "Brand": "President's Choice", "Url": "https://www.maxi.ca/breaded-wild-sole-fillets/p/20585364_EA", "Sub Category": null, "English Name": "Breaded Wild Sole Fillets", "Size": "680 g", "Size Label": "ea"}, {"Category": "Frozen Meat & Seafood", "Aisle": "Frozen", "Sku": "21334615_EA", "Regular Price": "None", "Sale Price": "8.79", "Image": "https://assets.shop.loblaws.ca/products/21334615/b1/en/front/21334615_front_a01_@2.png", "Brand": "President's Choice", "Url": "https://www.maxi.ca/shrimp-cakes/p/21334615_EA", "Sub Category": null, "English Name": "Shrimp Cakes", "Size": "170 g", "Size Label": "ea"}, {"Category": "Frozen Meat & Seafood", "Aisle": "Frozen", "Sku": "20992433_KG", "Regular Price": "None", "Sale Price": "27.24", "Image": "https://assets.shop.loblaws.ca/products/20992433/b1/en/front/20992433_front_a01_@2.png", "Brand": "President's Choice", "Url": "https://www.maxi.ca/butter-infused-frozen-young-turkey/p/20992433_KG", "Sub Category": null, "English Name": "Butter-Infused Frozen Young Turkey", "Size": "$6.81/1kg $3.09/1lb", "Size Label": "ea"}, {"Category": "Frozen Meat & Seafood", "Aisle": "Frozen", "Sku": "21284946_EA", "Regular Price": "None", "Sale Price": "40.00", "Image": "https://assets.shop.loblaws.ca/products/21284946/b1/en/front/21284946_front_a01_@2.png", "Brand": "President's Choice", "Url": "https://www.maxi.ca/butter-infused-stuffed-turkey-5-7-kg-frozen/p/21284946_EA", "Sub Category": null, "English Name": "Butter Infused Stuffed Turkey  5-7 Kg, Frozen", "Size": "1 kg", "Size Label": "ea"}, {"Category": "Frozen Meat & Seafood", "Aisle": "Frozen", "Sku": "20095387_KG", "Regular Price": "None", "Sale Price": "61.10", "Image": "https://assets.shop.loblaws.ca/products/20095387/b1/en/front/20095387_front_a01_@2.png", "Brand": null, "Url": "https://www.maxi.ca/frozen-grade-a-turkey-9-11-kg/p/20095387_KG", "Sub Category": null, "English Name": "Frozen Grade A Turkey 9-11 Kg", "Size": "$2.77/1lb $6.11/1kg", "Size Label": "ea"}, {"Category": "Frozen Meat & Seafood", "Aisle": "Frozen", "Sku": "20870551_EA", "Regular Price": "None", "Sale Price": "6.99", "Image": "https://assets.shop.loblaws.ca/products/20870551/b1/en/front/20870551_front_a01_@2.png", "Brand": "Butterball", "Url": "https://www.maxi.ca/homestyle-stuffing/p/20870551_EA", "Sub Category": null, "English Name": "Homestyle Stuffing", "Size": "900 g", "Size Label": "ea"}, {"Category": "Frozen Meat & Seafood", "Aisle": "Frozen", "Sku": "21377745_EA", "Regular Price": "None", "Sale Price": "24.99", "Image": "https://assets.shop.loblaws.ca/products/21377745/b1/en/front/21377745_front_a01_@2.png", "Brand": "Butterball", "Url": "https://www.maxi.ca/boneless-turkey-breast-roast/p/21377745_EA", "Sub Category": null, "English Name": "Boneless Turkey Breast Roast", "Size": "1.5 kg", "Size Label": "ea"}, {"Category": "Frozen Meat & Seafood", "Aisle": "Frozen", "Sku": "21403522_EA", "Regular Price": "None", "Sale Price": "6.99", "Image": "https://assets.shop.loblaws.ca/products/21403522/b1/en/front/21403522_front_a01_@2.png", "Brand": "Impossible Foods Inc.", "Url": "https://www.maxi.ca/simulated-meat-burger-patties-made-from-plants/p/21403522_EA", "Sub Category": null, "English Name": "Simulated Meat Burger Patties Made From Plants", "Size": "226 g", "Size Label": "ea"}, {"Category": "Frozen Meat & Seafood", "Aisle": "Frozen", "Sku": "21427216_KG", "Regular Price": "None", "Sale Price": "26.52", "Image": "https://assets.shop.loblaws.ca/products/21427216/b1/en/front/21427216_front_a01_@2.png", "Brand": "Pinty's", "Url": "https://www.maxi.ca/young-turkey-seasoned-with-natural-flavours-frozen/p/21427216_KG", "Sub Category": null, "English Name": "Young Turkey Seasoned with Natural Flavours, Frozen", "Size": "$5.49/1kg $2.49/1lb", "Size Label": "ea"}, {"Category": "Condiments & Sauces", "Aisle": "Natural and Organic Foods", "Sku": "20021787_EA", "Regular Price": "None", "Sale Price": "6.00", "Image": "https://assets.shop.loblaws.ca/products/20021787/b1/en/front/20021787_front_a01_@2.png", "Brand": "PC Organics", "Url": "https://www.maxi.ca/organic-ketchup/p/20021787_EA", "Sub Category": null, "English Name": "Organic Ketchup", "Size": "575 ml", "Size Label": "ea"}, {"Category": "Condiments & Sauces", "Aisle": "Natural and Organic Foods", "Sku": "20028533_EA", "Regular Price": "None", "Sale Price": "5.99", "Image": "https://assets.shop.loblaws.ca/products/20028533/b1/en/front/20028533_front_a01_@2.png", "Brand": "San J", "Url": "https://www.maxi.ca/light-tamari-soy-sauce/p/20028533_EA", "Sub Category": null, "English Name": "Light Tamari Soy Sauce", "Size": "296 ml", "Size Label": "ea"}, {"Category": "Condiments & Sauces", "Aisle": "Natural and Organic Foods", "Sku": "20304746_EA", "Regular Price": "None", "Sale Price": "5.99", "Image": "https://assets.shop.loblaws.ca/products/20304746/b1/en/front/20304746_front_a01_@2.png", "Brand": "San J", "Url": "https://www.maxi.ca/organic-gluten-free-tamari/p/20304746_EA", "Sub Category": null, "English Name": "Organic Gluten-Free Tamari", "Size": "296 ml", "Size Label": "ea"}, {"Category": "Condiments & Sauces", "Aisle": "Natural and Organic Foods", "Sku": "20056140_EA", "Regular Price": "None", "Sale Price": "12.99", "Image": "https://assets.shop.loblaws.ca/products/20056140/b1/en/front/20056140_front_a01_@2.png", "Brand": "Bragg", "Url": "https://www.maxi.ca/all-purpose-liquid-soy-seasoning/p/20056140_EA", "Sub Category": null, "English Name": "All Purpose Liquid Soy Seasoning", "Size": "946 ml", "Size Label": "ea"}, {"Category": "Condiments & Sauces", "Aisle": "Natural and Organic Foods", "Sku": "20303854_EA", "Regular Price": "None", "Sale Price": "5.99", "Image": "https://assets.shop.loblaws.ca/products/20303854/b1/en/front/20303854_front_a01_@2.png", "Brand": "San J", "Url": "https://www.maxi.ca/tamari-soy-sauce/p/20303854_EA", "Sub Category": null, "English Name": "Tamari Soy Sauce", "Size": "296 ml", "Size Label": "ea"}, {"Category": "Condiments & Sauces", "Aisle": "Natural and Organic Foods", "Sku": "21418166_EA", "Regular Price": "None", "Sale Price": "3.00", "Image": "https://assets.shop.loblaws.ca/products/21418166/b1/en/front/21418166_front_a01_@2.png", "Brand": "PC Organics", "Url": "https://www.maxi.ca/light-coconut-milk/p/21418166_EA", "Sub Category": null, "English Name": "Light Coconut Milk", "Size": "400 ml", "Size Label": "ea"}, {"Category": "Chocolate, Candy & Gum ", "Aisle": "Natural and Organic Foods", "Sku": "21154474_EA", "Regular Price": "None", "Sale Price": "4.79", "Image": "https://assets.shop.loblaws.ca/products/21154474/b1/en/front/21154474_front_a01_@2.png", "Brand": "Smart Sweets", "Url": "https://www.maxi.ca/sweet-fish/p/21154474_EA", "Sub Category": null, "English Name": "Sweet Fish", "Size": "50 g", "Size Label": "ea"}, {"Category": "Chocolate, Candy & Gum ", "Aisle": "Natural and Organic Foods", "Sku": "21199935_EA", "Regular Price": "None", "Sale Price": "4.79", "Image": "https://assets.shop.loblaws.ca/products/21199935/b1/en/front/21199935_front_a01_@2.png", "Brand": "Smart Sweets", "Url": "https://www.maxi.ca/peach-rings/p/21199935_EA", "Sub Category": null, "English Name": "Peach Rings", "Size": "50 g", "Size Label": "ea"}, {"Category": "Chocolate, Candy & Gum ", "Aisle": "Natural and Organic Foods", "Sku": "21107410_EA", "Regular Price": "None", "Sale Price": "4.79", "Image": "https://assets.shop.loblaws.ca/products/21107410/b1/en/front/21107410_front_a01_@2.png", "Brand": "Smart Sweets", "Url": "https://www.maxi.ca/gummy-bear-fruit/p/21107410_EA", "Sub Category": null, "English Name": "Gummy Bear Fruit", "Size": "50 g", "Size Label": "ea"}, {"Category": "Chocolate, Candy & Gum ", "Aisle": "Natural and Organic Foods", "Sku": "21154465_EA", "Regular Price": "None", "Sale Price": "4.79", "Image": "https://assets.shop.loblaws.ca/products/21154465/b1/en/front/21154465_front_a01_@2.png", "Brand": "Smart Sweets", "Url": "https://www.maxi.ca/candy-sour-blast-buddies-sour-50-g/p/21154465_EA", "Sub Category": null, "English Name": "Candy Sour Blast Buddies Sour 50 g", "Size": "50 g", "Size Label": "ea"}, {"Category": "Chocolate, Candy & Gum ", "Aisle": "Natural and Organic Foods", "Sku": "21356914_EA", "Regular Price": "None", "Sale Price": "4.79", "Image": "https://assets.shop.loblaws.ca/products/21356914/b1/en/front/21356914_front_a01_@2.png", "Brand": "Smart Sweets", "Url": "https://www.maxi.ca/melon-bites/p/21356914_EA", "Sub Category": null, "English Name": "Melon Bites", "Size": "50 g", "Size Label": "ea"}, {"Category": "Chocolate, Candy & Gum ", "Aisle": "Natural and Organic Foods", "Sku": "21215962_EA", "Regular Price": "None", "Sale Price": "4.49", "Image": "https://assets.shop.loblaws.ca/products/21215962/b1/en/front/21215962_front_a01_@2.png", "Brand": "PC Organics", "Url": "https://www.maxi.ca/organics-dark-chocolate/p/21215962_EA", "Sub Category": null, "English Name": "Organics Dark Chocolate", "Size": "100 g", "Size Label": "ea"}, {"Category": "Chocolate, Candy & Gum ", "Aisle": "Natural and Organic Foods", "Sku": "21411756_EA", "Regular Price": "None", "Sale Price": "4.79", "Image": "https://assets.shop.loblaws.ca/products/21411756/b1/en/front/21411756_front_a01_@2.png", "Brand": "Smart Sweets", "Url": "https://www.maxi.ca/candy-cola-gummies/p/21411756_EA", "Sub Category": null, "English Name": "Candy Cola Gummies", "Size": "50 g", "Size Label": "ea"}, {"Category": "Chocolate, Candy & Gum ", "Aisle": "Natural and Organic Foods", "Sku": "21496367_EA", "Regular Price": "None", "Sale Price": "3.99", "Image": "https://assets.shop.loblaws.ca/products/21496367/b1/en/front/21496367_front_a01_@2.png", "Brand": "BETTER BEARS", "Url": "https://www.maxi.ca/candy-swedish-bears/p/21496367_EA", "Sub Category": null, "English Name": "Candy Swedish Bears", "Size": "50 g", "Size Label": "ea"}, {"Category": "Chocolate, Candy & Gum ", "Aisle": "Natural and Organic Foods", "Sku": "21306800_EA", "Regular Price": "None", "Sale Price": "8.49", "Image": "https://assets.shop.loblaws.ca/products/21306800/b1/en/front/21306800_front_a01_@2.png", "Brand": "PC Organics", "Url": "https://www.maxi.ca/organics-dark-chocolate/p/21306800_EA", "Sub Category": null, "English Name": "Organics Dark Chocolate", "Size": "300 g", "Size Label": "ea"}, {"Category": "Chocolate, Candy & Gum ", "Aisle": "Natural and Organic Foods", "Sku": "21412056_EA", "Regular Price": "None", "Sale Price": "4.49", "Image": "https://assets.shop.loblaws.ca/products/21412056/b1/en/front/21412056_front_a01_@2.png", "Brand": "PC Organics", "Url": "https://www.maxi.ca/organics-sea-salt-dark-chocolate/p/21412056_EA", "Sub Category": null, "English Name": "Organics Sea Salt Dark Chocolate", "Size": "100 g", "Size Label": "ea"}, {"Category": "Chocolate, Candy & Gum ", "Aisle": "Natural and Organic Foods", "Sku": "21428804_EA", "Regular Price": "None", "Sale Price": "3.99", "Image": "https://assets.shop.loblaws.ca/products/21428804/b1/en/front/21428804_front_a01_@2.png", "Brand": "BETTER BEARS", "Url": "https://www.maxi.ca/variety-pack/p/21428804_EA", "Sub Category": null, "English Name": "Variety Pack ", "Size": "50 g", "Size Label": "ea"}, {"Category": "Chocolate, Candy & Gum ", "Aisle": "Natural and Organic Foods", "Sku": "21335526_EA", "Regular Price": "5.99", "Sale Price": "5.00", "Image": "https://assets.shop.loblaws.ca/products/21335526/b1/en/front/21335526_front_a01_@2.png", "Brand": "ChocXO", "Url": "https://www.maxi.ca/dark-chocolate-almond-butter-cup/p/21335526_EA", "Sub Category": null, "English Name": "Dark Chocolate Almond Butter Cup  ", "Size": "98 g", "Size Label": "ea"}, {"Category": "Chocolate, Candy & Gum ", "Aisle": "Natural and Organic Foods", "Sku": "21435022_EA", "Regular Price": "None", "Sale Price": "3.79", "Image": "https://assets.shop.loblaws.ca/products/21435022/b1/en/front/21435022_front_a01_@2.png", "Brand": "Panda", "Url": "https://www.maxi.ca/soft-licorice/p/21435022_EA", "Sub Category": null, "English Name": "Soft Licorice", "Size": "170 g", "Size Label": "ea"}, {"Category": "Chocolate, Candy & Gum ", "Aisle": "Natural and Organic Foods", "Sku": "21219463_EA", "Regular Price": "None", "Sale Price": "4.29", "Image": "https://assets.shop.loblaws.ca/products/21219463/b1/en/front/21219463_front_a01_@2.png", "Brand": "Green & Blacks", "Url": "https://www.maxi.ca/dark-chocolate/p/21219463_EA", "Sub Category": null, "English Name": "Dark Chocolate", "Size": "90 g", "Size Label": "ea"}, {"Category": "Chocolate, Candy & Gum ", "Aisle": "Natural and Organic Foods", "Sku": "21412076_EA", "Regular Price": "None", "Sale Price": "4.49", "Image": "https://assets.shop.loblaws.ca/products/21412076/b1/en/front/21412076_front_a01_@2.png", "Brand": "PC Organics", "Url": "https://www.maxi.ca/organics-milk-chocolate/p/21412076_EA", "Sub Category": null, "English Name": "Organics Milk Chocolate", "Size": "100 g", "Size Label": "ea"}, {"Category": "Chocolate, Candy & Gum ", "Aisle": "Natural and Organic Foods", "Sku": "21535646_EA", "Regular Price": "None", "Sale Price": "4.99", "Image": "https://assets.shop.loblaws.ca/products/21535646/b1/en/front/21535646_front_a01_@2.png", "Brand": "Prince of Peace", "Url": "https://www.maxi.ca/ginger-chews-original-flavour/p/21535646_EA", "Sub Category": null, "English Name": "Ginger Chews Original Flavour", "Size": "113 g", "Size Label": "ea"}, {"Category": "Chocolate, Candy & Gum ", "Aisle": "Natural and Organic Foods", "Sku": "21358816_EA", "Regular Price": "None", "Sale Price": "12.49", "Image": "https://assets.shop.loblaws.ca/products/21358816/b1/en/front/21358816_front_a01_@2.png", "Brand": "InnoFoods", "Url": "https://www.maxi.ca/keto-organic-dark-chocolate-clusters/p/21358816_EA", "Sub Category": null, "English Name": "Keto Organic Dark Chocolate Clusters", "Size": "300 g", "Size Label": "ea"}, {"Category": "Chocolate, Candy & Gum ", "Aisle": "Natural and Organic Foods", "Sku": "21495918_EA", "Regular Price": "None", "Sale Price": "9.99", "Image": "https://assets.shop.loblaws.ca/products/21495918/b1/en/front/21495918_front_a01_@2.png", "Brand": "Smart Sweets", "Url": "https://www.maxi.ca/candy-lollipops/p/21495918_EA", "Sub Category": null, "English Name": "Candy Lollipops", "Size": "86 g", "Size Label": "ea"}, {"Category": "Chocolate, Candy & Gum ", "Aisle": "Natural and Organic Foods", "Sku": "21219438_EA", "Regular Price": "None", "Sale Price": "4.29", "Image": "https://assets.shop.loblaws.ca/products/21219438/b1/en/front/21219438_front_a01_@2.png", "Brand": "Green & Blacks", "Url": "https://www.maxi.ca/dark-chocolate/p/21219438_EA", "Sub Category": null, "English Name": "Dark Chocolate", "Size": "90 g", "Size Label": "ea"}, {"Category": "Chocolate, Candy & Gum ", "Aisle": "Natural and Organic Foods", "Sku": "21535638_EA", "Regular Price": "None", "Sale Price": "4.99", "Image": "https://assets.shop.loblaws.ca/products/21535638/b1/en/front/21535638_front_a01_@2.png", "Brand": "Prince of Peace", "Url": "https://www.maxi.ca/ginger-chews-mango/p/21535638_EA", "Sub Category": null, "English Name": "Ginger Chews Mango", "Size": "113 g", "Size Label": "ea"}, {"Category": "Chocolate, Candy & Gum ", "Aisle": "Natural and Organic Foods", "Sku": "21541946_EA", "Regular Price": "None", "Sale Price": "6.49", "Image": "https://assets.shop.loblaws.ca/products/21541946/b1/en/front/21541946_front_a01_@2.png", "Brand": "Theobroma", "Url": "https://www.maxi.ca/organic-zero-sugar-coconut-minis-dark-no-sugar-add/p/21541946_EA", "Sub Category": null, "English Name": "Organic Zero Sugar Coconut Minis Dark No Sugar Added Chocolate", "Size": "90 g", "Size Label": "ea"}, {"Category": "Chocolate, Candy & Gum ", "Aisle": "Natural and Organic Foods", "Sku": "21468448_EA", "Regular Price": "None", "Sale Price": "3.99", "Image": "https://assets.shop.loblaws.ca/products/21468448/b1/en/front/21468448_front_a01_@2.png", "Brand": "healthy hippo", "Url": "https://www.maxi.ca/swedish-hippos-natural-berry-flavour/p/21468448_EA", "Sub Category": null, "English Name": "Swedish Hippos Natural Berry Flavour", "Size": "50 g", "Size Label": "ea"}, {"Category": "Chocolate, Candy & Gum ", "Aisle": "Natural and Organic Foods", "Sku": "21461755_EA", "Regular Price": "None", "Sale Price": "6.49", "Image": "https://assets.shop.loblaws.ca/products/21461755/b1/en/front/21461755_front_a01_@2.png", "Brand": "LoveGoodFats", "Url": "https://www.maxi.ca/dark-chocolate-thins-almond/p/21461755_EA", "Sub Category": null, "English Name": "Dark Chocolate Thins Almond", "Size": "96 g", "Size Label": "ea"}, {"Category": "Chocolate, Candy & Gum ", "Aisle": "Natural and Organic Foods", "Sku": "21306789_EA", "Regular Price": "None", "Sale Price": "8.49", "Image": "https://assets.shop.loblaws.ca/products/21306789/b1/en/front/21306789_front_a01_@2.png", "Brand": "PC Organics", "Url": "https://www.maxi.ca/organics-extra-dark-chocolate/p/21306789_EA", "Sub Category": null, "English Name": "Organics Extra Dark Chocolate", "Size": "300 g", "Size Label": "ea"}, {"Category": "Chocolate, Candy & Gum ", "Aisle": "Natural and Organic Foods", "Sku": "21466663_EA", "Regular Price": "None", "Sale Price": "3.99", "Image": "https://assets.shop.loblaws.ca/products/21466663/b1/en/front/21466663_front_a01_@2.png", "Brand": "healthy hippo", "Url": "https://www.maxi.ca/hippo-gummies-lemon-mango-watermelon-strawberry-fl/p/21466663_EA", "Sub Category": null, "English Name": "Hippo Gummies Lemon, Mango, Watermelon, Strawberry Flavour", "Size": "50 g", "Size Label": "ea"}, {"Category": "Chocolate, Candy & Gum ", "Aisle": "Natural and Organic Foods", "Sku": "21435019_EA", "Regular Price": "None", "Sale Price": "3.79", "Image": "https://assets.shop.loblaws.ca/products/21435019/b1/en/front/21435019_front_a01_@2.png", "Brand": "Panda", "Url": "https://www.maxi.ca/licorice-strawberry-candy/p/21435019_EA", "Sub Category": null, "English Name": "Licorice Strawberry Candy", "Size": "170 g", "Size Label": "ea"}, {"Category": "Chocolate, Candy & Gum ", "Aisle": "Natural and Organic Foods", "Sku": "21359585_EA", "Regular Price": "None", "Sale Price": "2.79", "Image": "https://assets.shop.loblaws.ca/products/21359585/b1/en/front/21359585_front_a01_@2.png", "Brand": "Theobroma", "Url": "https://www.maxi.ca/chunkies-energy-bites-crispy-chocolate-raspberry-d/p/21359585_EA", "Sub Category": null, "English Name": "Chunkies Energy Bites Crispy Chocolate Raspberry Dark", "Size": "37 g", "Size Label": "ea"}, {"Category": "Chocolate, Candy & Gum ", "Aisle": "Natural and Organic Foods", "Sku": "21495915_EA", "Regular Price": "None", "Sale Price": "9.99", "Image": "https://assets.shop.loblaws.ca/products/21495915/b1/en/front/21495915_front_a01_@2.png", "Brand": "Smart Sweets", "Url": "https://www.maxi.ca/jolly-gems-hard-candy/p/21495915_EA", "Sub Category": null, "English Name": "Jolly Gems Hard Candy", "Size": "70 g", "Size Label": "ea"}, {"Category": "Chocolate, Candy & Gum ", "Aisle": "Natural and Organic Foods", "Sku": "21535366_EA", "Regular Price": "None", "Sale Price": "4.29", "Image": "https://assets.shop.loblaws.ca/products/21535366/b1/en/front/21535366_front_a01_@2.png", "Brand": "Green & Blacks", "Url": "https://www.maxi.ca/organic-dark-chocolate-with-chopped-roasted-hazeln/p/21535366_EA", "Sub Category": null, "English Name": "Organic Dark Chocolate With Chopped Roasted Hazelnuts And Currants Imtense Dark", "Size": "90 g", "Size Label": "ea"}, {"Category": "Chocolate, Candy & Gum ", "Aisle": "Natural and Organic Foods", "Sku": "21541948_EA", "Regular Price": "None", "Sale Price": "6.49", "Image": "https://assets.shop.loblaws.ca/products/21541948/b1/en/front/21541948_front_a01_@2.png", "Brand": "Theobroma", "Url": "https://www.maxi.ca/organic-zero-sugar-special-dark-minis-dark-no-suga/p/21541948_EA", "Sub Category": null, "English Name": "Organic Zero Sugar Special Dark Minis Dark No Sugar Added Chocolate", "Size": "90 g", "Size Label": "ea"}, {"Category": "Chocolate, Candy & Gum ", "Aisle": "Natural and Organic Foods", "Sku": "21359633_EA", "Regular Price": "None", "Sale Price": "2.79", "Image": "https://assets.shop.loblaws.ca/products/21359633/b1/en/front/21359633_front_a01_@2.png", "Brand": "Theobroma", "Url": "https://www.maxi.ca/chunkies-energy-bites-crispy-chocolate-latte-milk/p/21359633_EA", "Sub Category": null, "English Name": "Chunkies Energy Bites Crispy Chocolate Latte Milk", "Size": "37 g", "Size Label": "ea"}, {"Category": "Chocolate, Candy & Gum ", "Aisle": "Natural and Organic Foods", "Sku": "21359553_EA", "Regular Price": "None", "Sale Price": "2.79", "Image": "https://assets.shop.loblaws.ca/products/21359553/b1/en/front/21359553_front_a01_@2.png", "Brand": "Theobroma", "Url": "https://www.maxi.ca/chocolat-chunkies-energy-bites-crispy-chocolate-co/p/21359553_EA", "Sub Category": null, "English Name": "Chocolat Chunkies Energy Bites Crispy Chocolate Cocoa 72 % Dark", "Size": "37 g", "Size Label": "ea"}, {"Category": "Cereal & Granola", "Aisle": "Natural and Organic Foods", "Sku": "20705773_EA", "Regular Price": "4.99", "Sale Price": "4.29", "Image": "https://assets.shop.loblaws.ca/products/20705773/b1/en/front/20705773_front_a01_@2.png", "Brand": "PC Organics", "Url": "https://www.maxi.ca/organic-quick-rolled-oats/p/20705773_EA", "Sub Category": null, "English Name": "Organic Quick Rolled Oats", "Size": "1000 g", "Size Label": "ea"}, {"Category": "Cereal & Granola", "Aisle": "Natural and Organic Foods", "Sku": "20551080001_EA", "Regular Price": "None", "Sale Price": "6.99", "Image": "https://assets.shop.loblaws.ca/products/20551080001/b1/en/front/20551080001_front_a01_@2.png", "Brand": "Nature's Path", "Url": "https://www.maxi.ca/love-crunch-granola-dark-chocolate-red-berries/p/20551080001_EA", "Sub Category": null, "English Name": "Love Crunch Granola, Dark Chocolate & Red Berries", "Size": "325 g", "Size Label": "ea"}, {"Category": "Cereal & Granola", "Aisle": "Natural and Organic Foods", "Sku": "20312067001_EA", "Regular Price": "None", "Sale Price": "10.49", "Image": "https://assets.shop.loblaws.ca/products/20312067001/b1/en/front/20312067001_front_a01_@2.png", "Brand": "Nature's Path", "Url": "https://www.maxi.ca/heritage-cereal/p/20312067001_EA", "Sub Category": null, "English Name": "Heritage Cereal", "Size": "907 g", "Size Label": "ea"}, {"Category": "Cereal & Granola", "Aisle": "Natural and Organic Foods", "Sku": "20311234001_EA", "Regular Price": "None", "Sale Price": "5.49", "Image": "https://assets.shop.loblaws.ca/products/20311234001/b1/en/front/20311234001_front_a01_@2.png", "Brand": "Nature's Path", "Url": "https://www.maxi.ca/flax-plus-pumpkin-flax-granola/p/20311234001_EA", "Sub Category": null, "English Name": "Flax Plus Pumpkin Flax Granola", "Size": "325 g", "Size Label": "ea"}, {"Category": "Cereal & Granola", "Aisle": "Natural and Organic Foods", "Sku": "21522267_EA", "Regular Price": "6.79", "Sale Price": "5.49", "Image": "https://assets.shop.loblaws.ca/products/21522267/b1/en/front/21522267_front_a01_@2.png", "Brand": "Jordans", "Url": "https://www.maxi.ca/morning-crisp-cereal-clusters-with-dark-chocolate/p/21522267_EA", "Sub Category": null, "English Name": "Morning Crisp Cereal Clusters With Dark Chocolate Curls Dark Chocolate Dream", "Size": "400 g", "Size Label": "ea"}, {"Category": "Cereal & Granola", "Aisle": "Natural and Organic Foods", "Sku": "20789263001_EA", "Regular Price": "None", "Sale Price": "4.79", "Image": "https://assets.shop.loblaws.ca/products/20789263001/b1/en/front/20789263001_front_a01_@2.png", "Brand": "Nature's Path", "Url": "https://www.maxi.ca/envirokidz-organic-chocolate-choco-chimps/p/20789263001_EA", "Sub Category": null, "English Name": "Envirokidz Organic Chocolate Choco Chimps", "Size": "284 g", "Size Label": "ea"}, {"Category": "Cereal & Granola", "Aisle": "Natural and Organic Foods", "Sku": "20591675_EA", "Regular Price": "6.49", "Sale Price": "5.99", "Image": "https://assets.shop.loblaws.ca/products/20591675/b1/en/front/20591675_front_a01_@2.png", "Brand": "Kashi", "Url": "https://www.maxi.ca/golean-honey-almond-flax-crunch-cereal/p/20591675_EA", "Sub Category": null, "English Name": "GoLean Honey Almond Flax Crunch Cereal", "Size": "400 g", "Size Label": "ea"}, {"Category": "Cereal & Granola", "Aisle": "Natural and Organic Foods", "Sku": "20971286_EA", "Regular Price": "None", "Sale Price": "4.29", "Image": "https://assets.shop.loblaws.ca/products/20971286/b1/en/front/20971286_front_a01_@2.png", "Brand": "PC Organics", "Url": "https://www.maxi.ca/organic-steel-cut-oats/p/20971286_EA", "Sub Category": null, "English Name": "Organic Steel Cut Oats", "Size": "1 kg", "Size Label": "ea"}, {"Category": "Cereal & Granola", "Aisle": "Natural and Organic Foods", "Sku": "21393188_EA", "Regular Price": "None", "Sale Price": "5.99", "Image": "https://assets.shop.loblaws.ca/products/21393188/b1/en/front/21393188_front_a01_@2.png", "Brand": "Prana", "Url": "https://www.maxi.ca/granola-cereal-granolove-oatmeal-cookie-crunch/p/21393188_EA", "Sub Category": null, "English Name": "Granola Cereal Granolove Oatmeal Cookie Crunch", "Size": "300 g", "Size Label": "ea"}, {"Category": "Cereal & Granola", "Aisle": "Natural and Organic Foods", "Sku": "21522230_EA", "Regular Price": "6.79", "Sale Price": "5.49", "Image": "https://assets.shop.loblaws.ca/products/21522230/b1/en/front/21522230_front_a01_@2.png", "Brand": "Jordans", "Url": "https://www.maxi.ca/morning-crisp-cereal-clusters-with-hazelnuts-almon/p/21522230_EA", "Sub Category": null, "English Name": "Morning Crisp Cereal Clusters With Hazelnuts, Almonds, Brazil Nuts And Pecans Bursting With Nuts", "Size": "400 g", "Size Label": "ea"}, {"Category": "Cereal & Granola", "Aisle": "Natural and Organic Foods", "Sku": "20319302001_EA", "Regular Price": "None", "Sale Price": "10.49", "Image": "https://assets.shop.loblaws.ca/products/20319302001/b1/en/front/20319302001_front_a01_@2.png", "Brand": "Nature's Path", "Url": "https://www.maxi.ca/organic-mesa-sunrise-flakes/p/20319302001_EA", "Sub Category": null, "English Name": "Organic Mesa Sunrise Flakes", "Size": "750 g", "Size Label": "ea"}, {"Category": "Cereal & Granola", "Aisle": "Natural and Organic Foods", "Sku": "21024946_EA", "Regular Price": "None", "Sale Price": "4.99", "Image": "https://assets.shop.loblaws.ca/products/21024946/b1/en/front/21024946_front_a01_@2.png", "Brand": "Nestl\u00e9", "Url": "https://www.maxi.ca/gerber-stage-3-oat-banana-mango-baby-cereal/p/21024946_EA", "Sub Category": null, "English Name": "Gerber Stage 3 Oat Banana Mango Baby Cereal", "Size": "227 g", "Size Label": "ea"}, {"Category": "Cereal & Granola", "Aisle": "Natural and Organic Foods", "Sku": "20043938002_EA", "Regular Price": "None", "Sale Price": "5.79", "Image": "https://assets.shop.loblaws.ca/products/20043938002/b1/en/front/20043938002_front_a01_@2.png", "Brand": "Nature's Path", "Url": "https://www.maxi.ca/organic-cereal-sunrise-vanilla/p/20043938002_EA", "Sub Category": null, "English Name": "Organic Cereal Sunrise Vanilla", "Size": "300 g", "Size Label": "ea"}, {"Category": "Cereal & Granola", "Aisle": "Natural and Organic Foods", "Sku": "20594319_EA", "Regular Price": "6.49", "Sale Price": "5.99", "Image": "https://assets.shop.loblaws.ca/products/20594319/b1/en/front/20594319_front_a01_@2.png", "Brand": "Kashi", "Url": "https://www.maxi.ca/golean-original-cereal/p/20594319_EA", "Sub Category": null, "English Name": "GoLean Original Cereal", "Size": "370 g", "Size Label": "ea"}, {"Category": "Cereal & Granola", "Aisle": "Natural and Organic Foods", "Sku": "21475909_EA", "Regular Price": "None", "Sale Price": "5.99", "Image": "https://assets.shop.loblaws.ca/products/21475909/b1/en/front/21475909_front_a01_@2.png", "Brand": "Prana", "Url": "https://www.maxi.ca/granola-cereal-granolove-mixed-berries-crunch/p/21475909_EA", "Sub Category": null, "English Name": "Granola Cereal Granolove Mixed Berries Crunch", "Size": "300 g", "Size Label": "ea"}, {"Category": "Cereal & Granola", "Aisle": "Natural and Organic Foods", "Sku": "20056686001_EA", "Regular Price": "None", "Sale Price": "10.49", "Image": "https://assets.shop.loblaws.ca/products/20056686001/b1/en/front/20056686001_front_a01_@2.png", "Brand": "Nature's Path", "Url": "https://www.maxi.ca/envirokidz-gorilla-munch-cereal/p/20056686001_EA", "Sub Category": null, "English Name": "Envirokidz Gorilla Munch Cereal", "Size": "650 g", "Size Label": "ea"}, {"Category": "Cereal & Granola", "Aisle": "Natural and Organic Foods", "Sku": "20782985_EA", "Regular Price": "None", "Sale Price": "4.99", "Image": "https://assets.shop.loblaws.ca/products/20782985/b1/en/front/20782985_front_a01_@2.png", "Brand": "Nestl\u00e9", "Url": "https://www.maxi.ca/gerber-stage-2-oat-prune-baby-cereal/p/20782985_EA", "Sub Category": null, "English Name": "Gerber Stage 2 Oat Prune Baby Cereal", "Size": "227 g", "Size Label": "ea"}, {"Category": "Cereal & Granola", "Aisle": "Natural and Organic Foods", "Sku": "21522345_EA", "Regular Price": "6.79", "Sale Price": "5.49", "Image": "https://assets.shop.loblaws.ca/products/21522345/b1/en/front/21522345_front_a01_@2.png", "Brand": "Jordans", "Url": "https://www.maxi.ca/morning-crisp-cereal-clusters-with-freeze-dried-re/p/21522345_EA", "Sub Category": null, "English Name": "Morning Crisp Cereal Clusters With Freeze Dried Redcurrants, Blackcurrants, Blueberries And Sliced Cranberries Wild About Berries", "Size": "400 g", "Size Label": "ea"}, {"Category": "Cereal & Granola", "Aisle": "Natural and Organic Foods", "Sku": "20043938001_EA", "Regular Price": "None", "Sale Price": "5.79", "Image": "https://assets.shop.loblaws.ca/products/20043938001/b1/en/front/20043938001_front_a01_@2.png", "Brand": "Nature's Path", "Url": "https://www.maxi.ca/organic-cereal-sunrise-maple/p/20043938001_EA", "Sub Category": null, "English Name": "Organic Cereal Sunrise Maple", "Size": "300 g", "Size Label": "ea"}, {"Category": "Cereal & Granola", "Aisle": "Natural and Organic Foods", "Sku": "20358339010_EA", "Regular Price": "None", "Sale Price": "4.99", "Image": "https://assets.shop.loblaws.ca/products/20358339010/b1/en/front/20358339010_front_a01_@2.png", "Brand": "Nestl\u00e9", "Url": "https://www.maxi.ca/gerber-stage-3-wheat-biscuit-baby-cereal/p/20358339010_EA", "Sub Category": null, "English Name": "Gerber Stage 3 Wheat Biscuit Baby Cereal", "Size": "227 g", "Size Label": "ea"}, {"Category": "Cereal & Granola", "Aisle": "Natural and Organic Foods", "Sku": "21521632_EA", "Regular Price": "12.00", "Sale Price": "10.99", "Image": "https://assets.shop.loblaws.ca/products/21521632/b1/en/front/21521632_front_a01_@2.png", "Brand": "Fourmi Bionique", "Url": "https://www.maxi.ca/grand-granola-granola-cereals-aphrodisia/p/21521632_EA", "Sub Category": null, "English Name": "Grand Granola Granola Cereals Aphrodisia", "Size": "808 g", "Size Label": "ea"}, {"Category": "Cereal & Granola", "Aisle": "Natural and Organic Foods", "Sku": "21522409_EA", "Regular Price": "6.79", "Sale Price": "5.49", "Image": "https://assets.shop.loblaws.ca/products/21522409/b1/en/front/21522409_front_a01_@2.png", "Brand": "Jordans", "Url": "https://www.maxi.ca/morning-crisp-granola-clusters-strawberry-dream/p/21522409_EA", "Sub Category": null, "English Name": "Morning Crisp Granola Clusters Strawberry Dream", "Size": "400 g", "Size Label": "ea"}, {"Category": "Cereal & Granola", "Aisle": "Natural and Organic Foods", "Sku": "21522422_EA", "Regular Price": "None", "Sale Price": "8.49", "Image": "https://assets.shop.loblaws.ca/products/21522422/b1/en/front/21522422_front_a01_@2.png", "Brand": "Yumi Organics", "Url": "https://www.maxi.ca/overnight-oats-blueberry-vanilla/p/21522422_EA", "Sub Category": null, "English Name": "Overnight Oats, Blueberry Vanilla", "Size": "250 g", "Size Label": "ea"}, {"Category": "Cereal & Granola", "Aisle": "Natural and Organic Foods", "Sku": "21475830_EA", "Regular Price": "None", "Sale Price": "7.99", "Image": "https://assets.shop.loblaws.ca/products/21475830/b1/en/front/21475830_front_a01_@2.png", "Brand": "Prana", "Url": "https://www.maxi.ca/oat-chia-mix-overnight-chia-chocolatey-dream/p/21475830_EA", "Sub Category": null, "English Name": "Oat & Chia Mix Overnight Chia Chocolatey Dream", "Size": "250 g", "Size Label": "ea"}, {"Category": "Cereal & Granola", "Aisle": "Natural and Organic Foods", "Sku": "20551099_EA", "Regular Price": "None", "Sale Price": "10.49", "Image": "https://assets.shop.loblaws.ca/products/20551099/b1/en/front/20551099_front_a01_@2.png", "Brand": "Nature's Path", "Url": "https://www.maxi.ca/mesa-sunrise-flakes-with-raisins/p/20551099_EA", "Sub Category": null, "English Name": "Mesa Sunrise Flakes with Raisins", "Size": "825 g", "Size Label": "ea"}, {"Category": "Cereal & Granola", "Aisle": "Natural and Organic Foods", "Sku": "21522401_EA", "Regular Price": "6.79", "Sale Price": "5.49", "Image": "https://assets.shop.loblaws.ca/products/21522401/b1/en/front/21522401_front_a01_@2.png", "Brand": "Jordans", "Url": "https://www.maxi.ca/morning-muesli-a-blend-of-cereal-flakes-with-dried/p/21522401_EA", "Sub Category": null, "English Name": "Morning Muesli A Blend Of Cereal Flakes With Dried Fruit, Pumpkin Seeds And Nuts Supreme Medley", "Size": "400 g", "Size Label": "ea"}, {"Category": "Cereal & Granola", "Aisle": "Natural and Organic Foods", "Sku": "20311234002_EA", "Regular Price": "None", "Sale Price": "5.49", "Image": "https://assets.shop.loblaws.ca/products/20311234002/b1/en/front/20311234002_front_a01_@2.png", "Brand": "Nature's Path", "Url": "https://www.maxi.ca/organic-hemp-plus-granola/p/20311234002_EA", "Sub Category": null, "English Name": "Organic Hemp Plus Granola", "Size": "325 g", "Size Label": "ea"}, {"Category": "Cereal & Granola", "Aisle": "Natural and Organic Foods", "Sku": "20056686002_EA", "Regular Price": "None", "Sale Price": "10.49", "Image": "https://assets.shop.loblaws.ca/products/20056686002/b1/en/front/20056686002_front_a01_@2.png", "Brand": "Nature's Path", "Url": "https://www.maxi.ca/envirokidz-koala-crisp-cereal/p/20056686002_EA", "Sub Category": null, "English Name": "Envirokidz Koala Crisp Cereal", "Size": "725 g", "Size Label": "ea"}, {"Category": "Cereal & Granola", "Aisle": "Natural and Organic Foods", "Sku": "21023096_EA", "Regular Price": "None", "Sale Price": "5.00", "Image": "https://assets.shop.loblaws.ca/products/21023096/b1/en/front/21023096_front_a01_@2.png", "Brand": "PC Organics", "Url": "https://www.maxi.ca/organic-flax-hemp-granola/p/21023096_EA", "Sub Category": null, "English Name": "Organic Flax & Hemp Granola", "Size": "325 g", "Size Label": "ea"}, {"Category": "Cereal & Granola", "Aisle": "Natural and Organic Foods", "Sku": "21522350_EA", "Regular Price": "6.79", "Sale Price": "5.49", "Image": "https://assets.shop.loblaws.ca/products/21522350/b1/en/front/21522350_front_a01_@2.png", "Brand": "Jordans", "Url": "https://www.maxi.ca/morning-muesli-a-blend-of-cereal-flakes-with-nuts/p/21522350_EA", "Sub Category": null, "English Name": "Morning Muesli A Blend Of Cereal Flakes With Nuts, Dried Fruit And Seeds 4 Nut Medley", "Size": "400 g", "Size Label": "ea"}, {"Category": "Cereal & Granola", "Aisle": "Natural and Organic Foods", "Sku": "21479235_C06", "Regular Price": "None", "Sale Price": "4.99", "Image": "https://assets.shop.loblaws.ca/products/21479235/b1/en/front/21479235_front_a01_@2.png", "Brand": "Gerber", "Url": "https://www.maxi.ca/baby-cereal-rice-sachet/p/21479235_C06", "Sub Category": null, "English Name": "Baby Cereal Rice Sachet", "Size": "6x28.0 g", "Size Label": "c06"}, {"Category": "Cereal & Granola", "Aisle": "Natural and Organic Foods", "Sku": "20972213_EA", "Regular Price": "7.49", "Sale Price": "6.79", "Image": "https://assets.shop.loblaws.ca/products/20972213/b1/en/front/20972213_front_a01_@2.png", "Brand": "Dorset", "Url": "https://www.maxi.ca/simply-nutty-muesli/p/20972213_EA", "Sub Category": null, "English Name": "Simply Nutty Muesli", "Size": "560 g", "Size Label": "ea"}, {"Category": "Cereal & Granola", "Aisle": "Natural and Organic Foods", "Sku": "21027896_EA", "Regular Price": "None", "Sale Price": "5.49", "Image": "https://assets.shop.loblaws.ca/products/21027896/b1/en/front/21027896_front_a01_@2.png", "Brand": "PC Organics", "Url": "https://www.maxi.ca/organic-muesli/p/21027896_EA", "Sub Category": null, "English Name": "Organic Muesli ", "Size": "450 g", "Size Label": "ea"}, {"Category": "Spreads & Syrups", "Aisle": "Natural and Organic Foods", "Sku": "20298178_EA", "Regular Price": "None", "Sale Price": "5.49", "Image": "https://assets.shop.loblaws.ca/products/20298178/b1/en/front/20298178_front_a01_@2.png", "Brand": "PC Organics", "Url": "https://www.maxi.ca/organics-smooth-peanut-butter/p/20298178_EA", "Sub Category": null, "English Name": "Organics Smooth Peanut Butter", "Size": "500 g", "Size Label": "ea"}, {"Category": "Spreads & Syrups", "Aisle": "Natural and Organic Foods", "Sku": "21010633_EA", "Regular Price": "None", "Sale Price": "5.49", "Image": "https://assets.shop.loblaws.ca/products/21010633/b1/en/front/21010633_front_a01_@2.png", "Brand": "Wowbutter", "Url": "https://www.maxi.ca/creamy-toasted-soy-spread/p/21010633_EA", "Sub Category": null, "English Name": "Creamy Toasted Soy Spread", "Size": "500 g", "Size Label": "ea"}, {"Category": "Spreads & Syrups", "Aisle": "Natural and Organic Foods", "Sku": "20106169_EA", "Regular Price": "None", "Sale Price": "12.99", "Image": "https://assets.shop.loblaws.ca/products/20106169/b1/en/front/20106169_front_a01_@2.png", "Brand": "PC Organics", "Url": "https://www.maxi.ca/100-pure-maple-syrup/p/20106169_EA", "Sub Category": null, "English Name": "100% Pure Maple Syrup", "Size": "375 ml", "Size Label": "ea"}, {"Category": "Spreads & Syrups", "Aisle": "Natural and Organic Foods", "Sku": "21047266_EA", "Regular Price": "None", "Sale Price": "9.99", "Image": "https://assets.shop.loblaws.ca/products/21047266/b1/en/front/21047266_front_a01_@2.png", "Brand": "PC Organics", "Url": "https://www.maxi.ca/organic-smooth-peanut-butter-club-size/p/21047266_EA", "Sub Category": null, "English Name": "Organic Smooth Peanut Butter Club Size", "Size": "1 kg", "Size Label": "ea"}, {"Category": "Spreads & Syrups", "Aisle": "Natural and Organic Foods", "Sku": "20055833_EA", "Regular Price": "None", "Sale Price": "5.49", "Image": "https://assets.shop.loblaws.ca/products/20055833/b1/en/front/20055833_front_a01_@2.png", "Brand": "PC Organics", "Url": "https://www.maxi.ca/organic-crunchy-peanut-butter/p/20055833_EA", "Sub Category": null, "English Name": "Organic Crunchy Peanut Butter", "Size": "500 g", "Size Label": "ea"}, {"Category": "Spreads & Syrups", "Aisle": "Natural and Organic Foods", "Sku": "20055665_EA", "Regular Price": "None", "Sale Price": "7.49", "Image": "https://assets.shop.loblaws.ca/products/20055665/b1/en/front/20055665_front_a01_@2.png", "Brand": "PC Organics", "Url": "https://www.maxi.ca/pure-honey/p/20055665_EA", "Sub Category": null, "English Name": "Pure Honey", "Size": "375 g", "Size Label": "ea"}, {"Category": "Spreads & Syrups", "Aisle": "Natural and Organic Foods", "Sku": "20016641001_EA", "Regular Price": "None", "Sale Price": "7.49", "Image": "https://assets.shop.loblaws.ca/products/20016641001/b1/en/front/20016641001_front_a01_@2.png", "Brand": "Sunbutter", "Url": "https://www.maxi.ca/original/p/20016641001_EA", "Sub Category": null, "English Name": "Original      ", "Size": "454 g", "Size Label": "ea"}, {"Category": "Spreads & Syrups", "Aisle": "Natural and Organic Foods", "Sku": "20105837_EA", "Regular Price": "None", "Sale Price": "9.49", "Image": "https://assets.shop.loblaws.ca/products/20105837/b1/en/front/20105837_front_a01_@2.png", "Brand": "Nuts to You", "Url": "https://www.maxi.ca/tahini/p/20105837_EA", "Sub Category": null, "English Name": "Tahini", "Size": "500 g", "Size Label": "ea"}, {"Category": "Spreads & Syrups", "Aisle": "Natural and Organic Foods", "Sku": "20322266001_EA", "Regular Price": "4.99", "Sale Price": "4.49", "Image": "https://assets.shop.loblaws.ca/products/20322266001/b1/en/front/20322266001_front_a01_@2.png", "Brand": "Natur", "Url": "https://www.maxi.ca/peanut-butter-creamy/p/20322266001_EA", "Sub Category": null, "English Name": "Peanut Butter, Creamy", "Size": "500 g", "Size Label": "ea"}, {"Category": "Spreads & Syrups", "Aisle": "Natural and Organic Foods", "Sku": "21010641_EA", "Regular Price": "None", "Sale Price": "5.49", "Image": "https://assets.shop.loblaws.ca/products/21010641/b1/en/front/21010641_front_a01_@2.png", "Brand": "Wowbutter", "Url": "https://www.maxi.ca/crunchy-toasted-soy-spread-500-g/p/21010641_EA", "Sub Category": null, "English Name": "Crunchy Toasted Soy Spread 500 g", "Size": "500 g", "Size Label": "ea"}, {"Category": "Spreads & Syrups", "Aisle": "Natural and Organic Foods", "Sku": "21086014_EA", "Regular Price": "None", "Sale Price": "3.99", "Image": "https://assets.shop.loblaws.ca/products/21086014/b1/en/front/21086014_front_a01_@2.png", "Brand": "PC Organics", "Url": "https://www.maxi.ca/organic-fruit-spread-strawberry/p/21086014_EA", "Sub Category": null, "English Name": "Organic Fruit Spread Strawberry", "Size": "235 ml", "Size Label": "ea"}, {"Category": "Spreads & Syrups", "Aisle": "Natural and Organic Foods", "Sku": "20922643001_EA", "Regular Price": "None", "Sale Price": "11.99", "Image": "https://assets.shop.loblaws.ca/products/20922643001/b1/en/front/20922643001_front_a01_@2.png", "Brand": "Nuts to You", "Url": "https://www.maxi.ca/almond-butter-smooth/p/20922643001_EA", "Sub Category": null, "English Name": "Almond Butter, Smooth", "Size": "365 g", "Size Label": "ea"}, {"Category": "Spreads & Syrups", "Aisle": "Natural and Organic Foods", "Sku": "21064904_EA", "Regular Price": "None", "Sale Price": "8.99", "Image": "https://assets.shop.loblaws.ca/products/21064904/b1/en/front/21064904_front_a01_@2.png", "Brand": null, "Url": "https://www.maxi.ca/creamy-almond-butter-no-stir/p/21064904_EA", "Sub Category": null, "English Name": "Creamy Almond Butter, No Stir", "Size": "365 g", "Size Label": "ea"}, {"Category": "Spreads & Syrups", "Aisle": "Natural and Organic Foods", "Sku": "21101516_EA", "Regular Price": "None", "Sale Price": "8.99", "Image": "https://assets.shop.loblaws.ca/products/21101516/b1/en/front/21101516_front_a01_@2.png", "Brand": null, "Url": "https://www.maxi.ca/nuttin-but-spreads-almond-butter-smooth/p/21101516_EA", "Sub Category": null, "English Name": "Nuttin' But Spreads Almond Butter Smooth", "Size": "365 g", "Size Label": "ea"}, {"Category": "Spreads & Syrups", "Aisle": "Natural and Organic Foods", "Sku": "20093550_EA", "Regular Price": "None", "Sale Price": "8.99", "Image": "https://assets.shop.loblaws.ca/products/20093550/b1/en/front/20093550_front_a01_@2.png", "Brand": "PC Organics", "Url": "https://www.maxi.ca/organic-wildflower-honey/p/20093550_EA", "Sub Category": null, "English Name": "Organic Wildflower Honey", "Size": "500 g", "Size Label": "ea"}, {"Category": "Spreads & Syrups", "Aisle": "Natural and Organic Foods", "Sku": "20322266002_EA", "Regular Price": "4.99", "Sale Price": "4.49", "Image": "https://assets.shop.loblaws.ca/products/20322266002/b1/en/front/20322266002_front_a01_@2.png", "Brand": "Natur", "Url": "https://www.maxi.ca/peanut-butter-crunchy/p/20322266002_EA", "Sub Category": null, "English Name": "Peanut Butter, Crunchy", "Size": "500 g", "Size Label": "ea"}, {"Category": "Spreads & Syrups", "Aisle": "Natural and Organic Foods", "Sku": "20922533_EA", "Regular Price": "None", "Sale Price": "11.99", "Image": "https://assets.shop.loblaws.ca/products/20922533/b1/en/front/20922533_front_a01_@2.png", "Brand": "Nuts to You", "Url": "https://www.maxi.ca/almond-hazelnut-butter/p/20922533_EA", "Sub Category": null, "English Name": "Almond Hazelnut Butter", "Size": "365 g", "Size Label": "ea"}, {"Category": "Spreads & Syrups", "Aisle": "Natural and Organic Foods", "Sku": "21066143_EA", "Regular Price": "None", "Sale Price": "5.99", "Image": "https://assets.shop.loblaws.ca/products/21066143/b1/en/front/21066143_front_a01_@2.png", "Brand": null, "Url": "https://www.maxi.ca/sunflower-seed-butter/p/21066143_EA", "Sub Category": null, "English Name": "Sunflower Seed Butter", "Size": "365 g", "Size Label": "ea"}, {"Category": "Spreads & Syrups", "Aisle": "Natural and Organic Foods", "Sku": "20994828_EA", "Regular Price": "None", "Sale Price": "12.99", "Image": "https://assets.shop.loblaws.ca/products/20994828/b1/en/front/20994828_front_a01_@2.png", "Brand": "PB&Me", "Url": "https://www.maxi.ca/powdered-peanut-butter/p/20994828_EA", "Sub Category": null, "English Name": "Powdered Peanut Butter    ", "Size": "453 g", "Size Label": "ea"}, {"Category": "Spreads & Syrups", "Aisle": "Natural and Organic Foods", "Sku": "20184756_EA", "Regular Price": "None", "Sale Price": "4.99", "Image": "https://assets.shop.loblaws.ca/products/20184756/b1/en/front/20184756_front_a01_@2.png", "Brand": "Bernard", "Url": "https://www.maxi.ca/certified-organic-syrup/p/20184756_EA", "Sub Category": null, "English Name": "Certified Organic Syrup", "Size": "540 ml", "Size Label": "ea"}, {"Category": "Beverages", "Aisle": "Natural and Organic Foods", "Sku": "21407494_C06", "Regular Price": "None", "Sale Price": "7.99", "Image": "https://assets.shop.loblaws.ca/products/21407494/b1/en/front/21407494_front_a01_@2.png", "Brand": "Zevia", "Url": "https://www.maxi.ca/zero-sugar-soda-creamy-root-beer/p/21407494_C06", "Sub Category": null, "English Name": "Zero Sugar Soda, Creamy Root Beer", "Size": "6x355.0 ml", "Size Label": "c06"}, {"Category": "Beverages", "Aisle": "Natural and Organic Foods", "Sku": "21384428_EA", "Regular Price": "None", "Sale Price": "2.99", "Image": "https://assets.shop.loblaws.ca/products/21384428/b1/en/front/21384428_front_a01_@2.png", "Brand": "Silk", "Url": "https://www.maxi.ca/organic-coconut-beverage-unsweetened-dairy-free-sh/p/21384428_EA", "Sub Category": null, "English Name": "Organic Coconut Beverage, Unsweetened, Dairy-Free, Shelf Stable", "Size": "946 ml", "Size Label": "ea"}, {"Category": "Beverages", "Aisle": "Natural and Organic Foods", "Sku": "20322468001_EA", "Regular Price": "13.99", "Sale Price": "12.99", "Image": "https://assets.shop.loblaws.ca/products/20322468001/b1/en/front/20322468001_front_a01_@2.png", "Brand": "Kicking Horse", "Url": "https://www.maxi.ca/organic-fairtrade-dark-roast-whole-bean-coffee-kic/p/20322468001_EA", "Sub Category": null, "English Name": "Organic Fairtrade Dark Roast Whole Bean Coffee, Kick Ass", "Size": "454 g", "Size Label": "ea"}, {"Category": "Beverages", "Aisle": "Natural and Organic Foods", "Sku": "20322468006_EA", "Regular Price": "None", "Sale Price": "12.99", "Image": "https://assets.shop.loblaws.ca/products/20322468006/b1/en/front/20322468006_front_a01_@2.png", "Brand": "Kicking Horse", "Url": "https://www.maxi.ca/organic-fairtrade-medium-roast-whole-bean-coffee-t/p/20322468006_EA", "Sub Category": null, "English Name": "Organic Fairtrade Medium Roast Whole Bean Coffee, Three Sisters", "Size": "454 g", "Size Label": "ea"}, {"Category": "Beverages", "Aisle": "Natural and Organic Foods", "Sku": "20333714001_EA", "Regular Price": "None", "Sale Price": "3.29", "Image": "https://assets.shop.loblaws.ca/products/20333714001/b1/en/front/20333714001_front_a01_@2.png", "Brand": "Kiju", "Url": "https://www.maxi.ca/organic-100-pure-apple-juice-boxes/p/20333714001_EA", "Sub Category": null, "English Name": "Organic 100% Pure Apple Juice Boxes", "Size": "4x200.0 ml", "Size Label": "ea"}, {"Category": "Beverages", "Aisle": "Natural and Organic Foods", "Sku": "20333714004_EA", "Regular Price": "None", "Sale Price": "3.29", "Image": "https://assets.shop.loblaws.ca/products/20333714004/b1/en/front/20333714004_front_a01_@2.png", "Brand": "Kiju", "Url": "https://www.maxi.ca/organic-mango-orange-fruit-juice-boxes/p/20333714004_EA", "Sub Category": null, "English Name": "Organic Mango Orange Fruit Juice Boxes", "Size": "4x200.0 ml", "Size Label": "ea"}, {"Category": "Beverages", "Aisle": "Natural and Organic Foods", "Sku": "21106233_C06", "Regular Price": "None", "Sale Price": "7.99", "Image": "https://assets.shop.loblaws.ca/products/21106233/b1/en/front/21106233_front_a01_@2.png", "Brand": "Zevia", "Url": "https://www.maxi.ca/zero-sugar-soda-cola/p/21106233_C06", "Sub Category": null, "English Name": "Zero Sugar Soda, Cola", "Size": "6x335.0 ml", "Size Label": "pack of 6"}, {"Category": "Beverages", "Aisle": "Natural and Organic Foods", "Sku": "21106231_C06", "Regular Price": "None", "Sale Price": "7.99", "Image": "https://assets.shop.loblaws.ca/products/21106231/b1/en/front/21106231_front_a01_@2.png", "Brand": "Zevia", "Url": "https://www.maxi.ca/zero-sugar-soda-ginger-ale/p/21106231_C06", "Sub Category": null, "English Name": "Zero Sugar Soda, Ginger Ale", "Size": "6x335.0 ml", "Size Label": "pack of 6"}, {"Category": "Beverages", "Aisle": "Natural and Organic Foods", "Sku": "20312710001_EA", "Regular Price": "None", "Sale Price": "3.29", "Image": "https://assets.shop.loblaws.ca/products/20312710001/b1/en/front/20312710001_front_a01_@2.png", "Brand": "Kiju", "Url": "https://www.maxi.ca/organic-mango-orange-fruit-juice-blend/p/20312710001_EA", "Sub Category": null, "English Name": "Organic Mango Orange Fruit Juice Blend", "Size": "1 l", "Size Label": "ea"}, {"Category": "Beverages", "Aisle": "Natural and Organic Foods", "Sku": "21204125_EA", "Regular Price": "None", "Sale Price": "6.99", "Image": "https://assets.shop.loblaws.ca/products/21204125/b1/en/front/21204125_front_a01_@2.png", "Brand": "Santa Cruz Organic", "Url": "https://www.maxi.ca/pure-lemon-juice/p/21204125_EA", "Sub Category": null, "English Name": "Pure Lemon Juice", "Size": "473 ml", "Size Label": "ea"}, {"Category": "Beverages", "Aisle": "Natural and Organic Foods", "Sku": "20805126001_EA", "Regular Price": "13.99", "Sale Price": "12.99", "Image": "https://assets.shop.loblaws.ca/products/20805126001/b1/en/front/20805126001_front_a01_@2.png", "Brand": "Kicking Horse", "Url": "https://www.maxi.ca/organic-fairtrade-medium-roast-ground-coffee-three/p/20805126001_EA", "Sub Category": null, "English Name": "Organic Fairtrade Medium Roast Ground Coffee, Three Sisters", "Size": "284 g", "Size Label": "ea"}, {"Category": "Beverages", "Aisle": "Natural and Organic Foods", "Sku": "21106232_C06", "Regular Price": "None", "Sale Price": "7.99", "Image": "https://assets.shop.loblaws.ca/products/21106232/b1/en/front/21106232_front_a01_@2.png", "Brand": "Zevia", "Url": "https://www.maxi.ca/zero-sugar-soda-ginger-root-beer/p/21106232_C06", "Sub Category": null, "English Name": "Zero Sugar Soda, Ginger Root Beer", "Size": "6x335.0 ml", "Size Label": "pack of 6"}, {"Category": "Beverages", "Aisle": "Natural and Organic Foods", "Sku": "20333714002_EA", "Regular Price": "None", "Sale Price": "3.29", "Image": "https://assets.shop.loblaws.ca/products/20333714002/b1/en/front/20333714002_front_a01_@2.png", "Brand": "Kiju", "Url": "https://www.maxi.ca/organic-apple-grape-fruit-juice-boxes/p/20333714002_EA", "Sub Category": null, "English Name": "Organic Apple Grape Fruit Juice Boxes", "Size": "4x200.0 ml", "Size Label": "ea"}, {"Category": "Beverages", "Aisle": "Natural and Organic Foods", "Sku": "21425921_C04", "Regular Price": "8.49", "Sale Price": "6.00", "Image": "https://assets.shop.loblaws.ca/products/21425921/b1/en/front/21425921_front_a01_@2.png", "Brand": "Remedy", "Url": "https://www.maxi.ca/kombucha-raspberry-lemonade/p/21425921_C04", "Sub Category": null, "English Name": "Kombucha, Raspberry Lemonade", "Size": "4x330.0 ml", "Size Label": "c04"}, {"Category": "Beverages", "Aisle": "Natural and Organic Foods", "Sku": "20312710002_EA", "Regular Price": "None", "Sale Price": "3.29", "Image": "https://assets.shop.loblaws.ca/products/20312710002/b1/en/front/20312710002_front_a01_@2.png", "Brand": "Kiju", "Url": "https://www.maxi.ca/organic-100-pure-apple-juice/p/20312710002_EA", "Sub Category": null, "English Name": "Organic 100% Pure Apple Juice", "Size": "1 l", "Size Label": "ea"}, {"Category": "Beverages", "Aisle": "Natural and Organic Foods", "Sku": "21105196_C06", "Regular Price": "None", "Sale Price": "7.99", "Image": "https://assets.shop.loblaws.ca/products/21105196/b1/en/front/21105196_front_a01_@2.png", "Brand": "Zevia", "Url": "https://www.maxi.ca/zero-sugar-soda-cream-soda/p/21105196_C06", "Sub Category": null, "English Name": "Zero Sugar Soda, Cream Soda", "Size": "6x355.0 ml", "Size Label": "c06"}, {"Category": "Beverages", "Aisle": "Natural and Organic Foods", "Sku": "20322468009_EA", "Regular Price": "13.99", "Sale Price": "12.99", "Image": "https://assets.shop.loblaws.ca/products/20322468009/b1/en/front/20322468009_front_a01_@2.png", "Brand": "Kicking Horse", "Url": "https://www.maxi.ca/organic-fairtrade-dark-roast-whole-bean-coffee-454/p/20322468009_EA", "Sub Category": null, "English Name": "Organic Fairtrade Dark Roast Whole Bean Coffee, 454 Horse Power", "Size": "454 g", "Size Label": "ea"}, {"Category": "Beverages", "Aisle": "Natural and Organic Foods", "Sku": "21428760_C04", "Regular Price": "8.49", "Sale Price": "6.00", "Image": "https://assets.shop.loblaws.ca/products/21428760/b1/en/front/21428760_front_a01_@2.png", "Brand": "Remedy", "Url": "https://www.maxi.ca/kombucha-wild-berry/p/21428760_C04", "Sub Category": null, "English Name": "Kombucha, Wild Berry", "Size": "4x330.0 ml", "Size Label": "c04"}, {"Category": "Beverages", "Aisle": "Natural and Organic Foods", "Sku": "20312710005_EA", "Regular Price": "None", "Sale Price": "3.29", "Image": "https://assets.shop.loblaws.ca/products/20312710005/b1/en/front/20312710005_front_a01_@2.png", "Brand": "Kiju", "Url": "https://www.maxi.ca/organic-pomegranate-cherry-fruit-juice-blend/p/20312710005_EA", "Sub Category": null, "English Name": "Organic Pomegranate Cherry Fruit Juice Blend", "Size": "1 l", "Size Label": "ea"}, {"Category": "Beverages", "Aisle": "Natural and Organic Foods", "Sku": "21425885_C04", "Regular Price": "8.49", "Sale Price": "6.00", "Image": "https://assets.shop.loblaws.ca/products/21425885/b1/en/front/21425885_front_a01_@2.png", "Brand": "Remedy", "Url": "https://www.maxi.ca/ginger-lemon-kombucha/p/21425885_C04", "Sub Category": null, "English Name": "Ginger Lemon Kombucha", "Size": "4x330.0 ml", "Size Label": "c04"}, {"Category": "Beverages", "Aisle": "Natural and Organic Foods", "Sku": "20805126003_EA", "Regular Price": "None", "Sale Price": "12.99", "Image": "https://assets.shop.loblaws.ca/products/20805126003/b1/en/front/20805126003_front_a01_@2.png", "Brand": "Kicking Horse", "Url": "https://www.maxi.ca/organic-fairtrade-dark-roast-ground-coffee-kick-as/p/20805126003_EA", "Sub Category": null, "English Name": "Organic Fairtrade Dark Roast Ground Coffee, Kick Ass", "Size": "284 g", "Size Label": "ea"}, {"Category": "Beverages", "Aisle": "Natural and Organic Foods", "Sku": "21544078_C06", "Regular Price": "None", "Sale Price": "7.99", "Image": "https://assets.shop.loblaws.ca/products/21544078/b1/en/front/21544078_front_a01_@2.png", "Brand": "Zevia", "Url": "https://www.maxi.ca/zero-sugar-soda-vanilla-cola/p/21544078_C06", "Sub Category": null, "English Name": "Zero Sugar Soda, Vanilla Cola", "Size": "6x355.0 ml", "Size Label": "c06"}, {"Category": "Beverages", "Aisle": "Natural and Organic Foods", "Sku": "20312710003_EA", "Regular Price": "None", "Sale Price": "3.29", "Image": "https://assets.shop.loblaws.ca/products/20312710003/b1/en/front/20312710003_front_a01_@2.png", "Brand": "Kiju", "Url": "https://www.maxi.ca/organic-apple-grape-fruit-juice-blend/p/20312710003_EA", "Sub Category": null, "English Name": "Organic Apple Grape Fruit Juice Blend", "Size": "1 l", "Size Label": "ea"}, {"Category": "Beverages", "Aisle": "Natural and Organic Foods", "Sku": "21425945_C04", "Regular Price": "8.49", "Sale Price": "6.00", "Image": "https://assets.shop.loblaws.ca/products/21425945/b1/en/front/21425945_front_a01_@2.png", "Brand": "Remedy", "Url": "https://www.maxi.ca/peach-kombucha/p/21425945_C04", "Sub Category": null, "English Name": "Peach Kombucha", "Size": "4x330.0 ml", "Size Label": "c04"}, {"Category": "Beverages", "Aisle": "Natural and Organic Foods", "Sku": "21105195_C06", "Regular Price": "None", "Sale Price": "7.99", "Image": "https://assets.shop.loblaws.ca/products/21105195/b1/en/front/21105195_front_a01_@2.png", "Brand": "Zevia", "Url": "https://www.maxi.ca/zero-sugar-soda-grape/p/21105195_C06", "Sub Category": null, "English Name": "Zero Sugar Soda, Grape", "Size": "6x355.0 ml", "Size Label": "c06"}, {"Category": "Beverages", "Aisle": "Natural and Organic Foods", "Sku": "20956951_EA", "Regular Price": "10.99", "Sale Price": "8.99", "Image": "https://assets.shop.loblaws.ca/products/20956951/b1/en/front/20956951_front_a01_@2.png", "Brand": "PC Organics", "Url": "https://www.maxi.ca/organic-cranberry/p/20956951_EA", "Sub Category": null, "English Name": "Organic Cranberry", "Size": "946 ml", "Size Label": "ea"}, {"Category": "Beverages", "Aisle": "Natural and Organic Foods", "Sku": "21544076_C06", "Regular Price": "None", "Sale Price": "7.99", "Image": "https://assets.shop.loblaws.ca/products/21544076/b1/en/front/21544076_front_a01_@2.png", "Brand": "Zevia", "Url": "https://www.maxi.ca/zero-sugar-soda-cherry-cola/p/21544076_C06", "Sub Category": null, "English Name": "Zero Sugar Soda, Cherry Cola", "Size": "6x355.0 ml", "Size Label": "c06"}, {"Category": "Beverages", "Aisle": "Natural and Organic Foods", "Sku": "21411145_EA", "Regular Price": "None", "Sale Price": "4.49", "Image": "https://assets.shop.loblaws.ca/products/21411145/b1/en/front/21411145_front_a01_@2.png", "Brand": "PC Organics", "Url": "https://www.maxi.ca/ginger-turmeric-herbal-tea/p/21411145_EA", "Sub Category": null, "English Name": "Ginger Turmeric Herbal Tea", "Size": "1 ea", "Size Label": "ea"}, {"Category": "Beverages", "Aisle": "Natural and Organic Foods", "Sku": "21397739_EA", "Regular Price": "None", "Sale Price": "4.88", "Image": "https://assets.shop.loblaws.ca/products/21397739/b1/en/front/21397739_front_a01_@2.png", "Brand": "Traditional Medicinals", "Url": "https://www.maxi.ca/roasted-dandelion-root-organic-wrapped-tea-bags/p/21397739_EA", "Sub Category": null, "English Name": "Roasted Dandelion Root Organic Wrapped Tea Bags", "Size": "16 ea", "Size Label": "ea"}, {"Category": "Beverages", "Aisle": "Natural and Organic Foods", "Sku": "21397740_EA", "Regular Price": "None", "Sale Price": "4.88", "Image": "https://assets.shop.loblaws.ca/products/21397740/b1/en/front/21397740_front_a01_@2.png", "Brand": "Traditional Medicinals", "Url": "https://www.maxi.ca/peppermint-organic-wrapped-tea-bags/p/21397740_EA", "Sub Category": null, "English Name": "Peppermint Organic Wrapped Tea Bags", "Size": "16 ea", "Size Label": "ea"}, {"Category": "Beverages", "Aisle": "Natural and Organic Foods", "Sku": "21209313_EA", "Regular Price": "None", "Sale Price": "3.89", "Image": "https://assets.shop.loblaws.ca/products/21209313/b1/en/front/21209313_front_a01_@2.png", "Brand": "PC Organics", "Url": "https://www.maxi.ca/organic-apple-juice-from-concentrate-unsweetened/p/21209313_EA", "Sub Category": null, "English Name": "Organic Apple Juice from Concentrate Unsweetened", "Size": "1.36 l", "Size Label": "ea"}, {"Category": "Beverages", "Aisle": "Natural and Organic Foods", "Sku": "21206057_EA", "Regular Price": "None", "Sale Price": "6.99", "Image": "https://assets.shop.loblaws.ca/products/21206057/b1/en/front/21206057_front_a01_@2.png", "Brand": "Santa Cruz Organic", "Url": "https://www.maxi.ca/100-pure-lime-juice/p/21206057_EA", "Sub Category": null, "English Name": "100% Pure Lime Juice", "Size": "473 ml", "Size Label": "ea"}, {"Category": "Beverages", "Aisle": "Natural and Organic Foods", "Sku": "21157064_C06", "Regular Price": "None", "Sale Price": "9.99", "Image": "https://assets.shop.loblaws.ca/products/21157064/b1/en/front/21157064_front_a01_@2.png", "Brand": "Flow Water", "Url": "https://www.maxi.ca/alkaline-spring-water-organic-cucumber-and-mint/p/21157064_C06", "Sub Category": null, "English Name": "Alkaline Spring Water, Organic Cucumber and Mint", "Size": "6x500.0 ml", "Size Label": "pack of 6"}, {"Category": "Beverages", "Aisle": "Natural and Organic Foods", "Sku": "21405540_EA", "Regular Price": "None", "Sale Price": "9.99", "Image": "https://assets.shop.loblaws.ca/products/21405540/b1/en/front/21405540_front_a01_@2.png", "Brand": "PC Organics", "Url": "https://www.maxi.ca/medium-roast-ground-coffee/p/21405540_EA", "Sub Category": null, "English Name": "Medium Roast Ground Coffee", "Size": "250 g", "Size Label": "ea"}, {"Category": "Beverages", "Aisle": "Natural and Organic Foods", "Sku": "20910755003_EA", "Regular Price": "None", "Sale Price": "4.49", "Image": "https://assets.shop.loblaws.ca/products/20910755003/b1/en/front/20910755003_front_a01_@2.png", "Brand": "Rise Kombucha", "Url": "https://www.maxi.ca/hibiscus-rose-hips/p/20910755003_EA", "Sub Category": null, "English Name": "Hibiscus & Rose Hips", "Size": "414 ml", "Size Label": "ea"}, {"Category": "Beverages", "Aisle": "Natural and Organic Foods", "Sku": "21398591_EA", "Regular Price": "None", "Sale Price": "4.88", "Image": "https://assets.shop.loblaws.ca/products/21398591/b1/en/front/21398591_front_a01_@2.png", "Brand": "Traditional Medicinals", "Url": "https://www.maxi.ca/wrapped-tea-bags-ginger-organic/p/21398591_EA", "Sub Category": null, "English Name": "Wrapped Tea Bags Ginger Organic", "Size": "16 ea", "Size Label": "ea"}, {"Category": "Beverages", "Aisle": "Natural and Organic Foods", "Sku": "21397723_EA", "Regular Price": "None", "Sale Price": "4.88", "Image": "https://assets.shop.loblaws.ca/products/21397723/b1/en/front/21397723_front_a01_@2.png", "Brand": "Traditional Medicinals", "Url": "https://www.maxi.ca/throat-coat-original-with-slippery-elm-organic-wra/p/21397723_EA", "Sub Category": null, "English Name": "Throat Coat Original With Slippery Elm Organic Wrapped Tea Bags", "Size": "32 g", "Size Label": "ea"}, {"Category": "Beverages", "Aisle": "Natural and Organic Foods", "Sku": "21181480_EA", "Regular Price": "None", "Sale Price": "9.99", "Image": "https://assets.shop.loblaws.ca/products/21181480/b1/en/front/21181480_front_a01_@2.png", "Brand": "Flow Water", "Url": "https://www.maxi.ca/water-bb-hibiscus-org/p/21181480_EA", "Sub Category": null, "English Name": "Water Bb Hibiscus Org   ", "Size": "500 ml", "Size Label": "ea"}, {"Category": "Beverages", "Aisle": "Natural and Organic Foods", "Sku": "21397787_EA", "Regular Price": "None", "Sale Price": "4.88", "Image": "https://assets.shop.loblaws.ca/products/21397787/b1/en/front/21397787_front_a01_@2.png", "Brand": "Traditional Medicinals", "Url": "https://www.maxi.ca/wrapped-tea-bags-nighty-night-original-with-passio/p/21397787_EA", "Sub Category": null, "English Name": "Wrapped Tea Bags Nighty Night Original With Passionflower Organic", "Size": "28 g", "Size Label": "ea"}, {"Category": "Beverages", "Aisle": "Natural and Organic Foods", "Sku": "21022888_EA", "Regular Price": "None", "Sale Price": "3.89", "Image": "https://assets.shop.loblaws.ca/products/21022888/b1/en/front/21022888_front_a01_@2.png", "Brand": "PC Organics", "Url": "https://www.maxi.ca/organic-watermelon-lemonade/p/21022888_EA", "Sub Category": null, "English Name": "Organic Watermelon Lemonade", "Size": "946 ml", "Size Label": "ea"}, {"Category": "Beverages", "Aisle": "Natural and Organic Foods", "Sku": "20936902_EA", "Regular Price": "None", "Sale Price": "3.89", "Image": "https://assets.shop.loblaws.ca/products/20936902/b1/en/front/20936902_front_a01_@2.png", "Brand": "PC Organics", "Url": "https://www.maxi.ca/organic-lemonade/p/20936902_EA", "Sub Category": null, "English Name": "Organic Lemonade", "Size": "946 ml", "Size Label": "ea"}, {"Category": "Beverages", "Aisle": "Natural and Organic Foods", "Sku": "21505443_C04", "Regular Price": "7.49", "Sale Price": "5.99", "Image": "https://assets.shop.loblaws.ca/products/21505443/b1/en/front/21505443_front_a01_@2.png", "Brand": "NotCo", "Url": "https://www.maxi.ca/notmilk-fortified-plant-based-beverage-whole/p/21505443_C04", "Sub Category": null, "English Name": "Notmilk Fortified Plant-Based Beverage Whole", "Size": "4x237.0 ml", "Size Label": "c04"}, {"Category": "Beverages", "Aisle": "Natural and Organic Foods", "Sku": "21449445_EA", "Regular Price": "None", "Sale Price": "4.88", "Image": "https://assets.shop.loblaws.ca/products/21449445/b1/en/front/21449445_front_a01_@2.png", "Brand": "Traditional Medicinals", "Url": "https://www.maxi.ca/green-tea-with-toasted-rice-matcha-organic/p/21449445_EA", "Sub Category": null, "English Name": "Green Tea With Toasted Rice Matcha Organic", "Size": "16 ea", "Size Label": "ea"}, {"Category": "Beverages", "Aisle": "Natural and Organic Foods", "Sku": "21398164_EA", "Regular Price": "None", "Sale Price": "4.88", "Image": "https://assets.shop.loblaws.ca/products/21398164/b1/en/front/21398164_front_a01_@2.png", "Brand": "Traditional Medicinals", "Url": "https://www.maxi.ca/echinacea-plus-elderberry-organic-wrapped-tea-bags/p/21398164_EA", "Sub Category": null, "English Name": "Echinacea Plus Elderberry Organic Wrapped Tea Bags", "Size": "16 ea", "Size Label": "ea"}, {"Category": "Beverages", "Aisle": "Natural and Organic Foods", "Sku": "21505441_C04", "Regular Price": "7.49", "Sale Price": "5.99", "Image": "https://assets.shop.loblaws.ca/products/21505441/b1/en/front/21505441_front_a01_@2.png", "Brand": "NotCo", "Url": "https://www.maxi.ca/notmilk-fortified-plant-based-beverage-chocolate/p/21505441_C04", "Sub Category": null, "English Name": "Notmilk Fortified Plant-Based Beverage Chocolate", "Size": "4x237.0 ml", "Size Label": "c04"}, {"Category": "Beverages", "Aisle": "Natural and Organic Foods", "Sku": "21398160_EA", "Regular Price": "None", "Sale Price": "4.88", "Image": "https://assets.shop.loblaws.ca/products/21398160/b1/en/front/21398160_front_a01_@2.png", "Brand": "Traditional Medicinals", "Url": "https://www.maxi.ca/mother-s-milk-original-with-fennel-fenugreek-organ/p/21398160_EA", "Sub Category": null, "English Name": "Mother'S Milk Original With Fennel & Fenugreek Organic Wrapped Tea Bags", "Size": "16 ea", "Size Label": "ea"}, {"Category": "Beverages", "Aisle": "Natural and Organic Foods", "Sku": "21397790_EA", "Regular Price": "None", "Sale Price": "4.88", "Image": "https://assets.shop.loblaws.ca/products/21397790/b1/en/front/21397790_front_a01_@2.png", "Brand": "Traditional Medicinals", "Url": "https://www.maxi.ca/everyday-detox-lemon-organic-wrapped-tea-bags/p/21397790_EA", "Sub Category": null, "English Name": "Everyday Detox Lemon Organic Wrapped Tea Bags", "Size": "16 ea", "Size Label": "ea"}, {"Category": "Beverages", "Aisle": "Natural and Organic Foods", "Sku": "21411105_EA", "Regular Price": "None", "Sale Price": "4.49", "Image": "https://assets.shop.loblaws.ca/products/21411105/b1/en/front/21411105_front_a01_@2.png", "Brand": "PC Organics", "Url": "https://www.maxi.ca/green-tea-blend-honey-ginger/p/21411105_EA", "Sub Category": null, "English Name": "Green Tea Blend, Honey & Ginger", "Size": "1 ea", "Size Label": "ea"}, {"Category": "Beverages", "Aisle": "Natural and Organic Foods", "Sku": "20910755001_EA", "Regular Price": "None", "Sale Price": "4.49", "Image": "https://assets.shop.loblaws.ca/products/20910755001/b1/en/front/20910755001_front_a01_@2.png", "Brand": "Rise Kombucha", "Url": "https://www.maxi.ca/fresh-ginger/p/20910755001_EA", "Sub Category": null, "English Name": "Fresh Ginger", "Size": "414 ml", "Size Label": "ea"}, {"Category": "Beverages", "Aisle": "Natural and Organic Foods", "Sku": "21405559_EA", "Regular Price": "None", "Sale Price": "13.99", "Image": "https://assets.shop.loblaws.ca/products/21405559/b1/en/front/21405559_front_a01_@2.png", "Brand": "PC Organics", "Url": "https://www.maxi.ca/dark-roast-whole-bean-coffee/p/21405559_EA", "Sub Category": null, "English Name": "Dark Roast Whole Bean Coffee  ", "Size": "454 g", "Size Label": "ea"}, {"Category": "Beverages", "Aisle": "Natural and Organic Foods", "Sku": "21405551_EA", "Regular Price": "None", "Sale Price": "14.99", "Image": "https://assets.shop.loblaws.ca/products/21405551/b1/en/front/21405551_front_a01_@2.png", "Brand": "PC Organics", "Url": "https://www.maxi.ca/medium-roast-whole-bean-coffee/p/21405551_EA", "Sub Category": null, "English Name": "Medium Roast Whole Bean Coffee  ", "Size": "454 g", "Size Label": "ea"}, {"Category": "Beverages", "Aisle": "Natural and Organic Foods", "Sku": "21357599_EA", "Regular Price": "None", "Sale Price": "5.99", "Image": "https://assets.shop.loblaws.ca/products/21357599/b1/en/front/21357599_front_a01_@2.png", "Brand": "Silk", "Url": "https://www.maxi.ca/barista-oat-for-coffee-dairy-free-shelf-stable/p/21357599_EA", "Sub Category": null, "English Name": "Barista Oat For Coffee, Dairy Free, Shelf Stable", "Size": "946 ml", "Size Label": "ea"}, {"Category": "Beverages", "Aisle": "Natural and Organic Foods", "Sku": "20805126004_EA", "Regular Price": "13.99", "Sale Price": "12.99", "Image": "https://assets.shop.loblaws.ca/products/20805126004/b1/en/front/20805126004_front_a01_@2.png", "Brand": "Kicking Horse", "Url": "https://www.maxi.ca/organic-fairtrade-dark-roast-ground-coffee-454-hor/p/20805126004_EA", "Sub Category": null, "English Name": "Organic Fairtrade Dark Roast Ground Coffee, 454 Horse Power", "Size": "284 g", "Size Label": "ea"}, {"Category": "Beverages", "Aisle": "Natural and Organic Foods", "Sku": "21182003_EA", "Regular Price": "None", "Sale Price": "3.29", "Image": "https://assets.shop.loblaws.ca/products/21182003/b1/en/front/21182003_front_a01_@2.png", "Brand": "Zevia", "Url": "https://www.maxi.ca/zero-sugar-energy-drink-raspberry-lime/p/21182003_EA", "Sub Category": null, "English Name": "Zero Sugar Energy Drink, Raspberry Lime", "Size": "355 ml", "Size Label": "ea"}, {"Category": "Beverages", "Aisle": "Natural and Organic Foods", "Sku": "21397454_EA", "Regular Price": "None", "Sale Price": "4.88", "Image": "https://assets.shop.loblaws.ca/products/21397454/b1/en/front/21397454_front_a01_@2.png", "Brand": "Traditional Medicinals", "Url": "https://www.maxi.ca/raspberry-leaf-organic-wrapped-tea-bags/p/21397454_EA", "Sub Category": null, "English Name": "Raspberry Leaf Organic Wrapped Tea Bags", "Size": "16 ea", "Size Label": "ea"}, {"Category": "Beverages", "Aisle": "Natural and Organic Foods", "Sku": "21105194_C06", "Regular Price": "None", "Sale Price": "7.99", "Image": "https://assets.shop.loblaws.ca/products/21105194/b1/en/front/21105194_front_a01_@2.png", "Brand": "Zevia", "Url": "https://www.maxi.ca/zero-sugar-soda-black-cherry/p/21105194_C06", "Sub Category": null, "English Name": "Zero Sugar Soda, Black Cherry", "Size": "6x355.0 ml", "Size Label": "pack of 6"}, {"Category": "Beverages", "Aisle": "Natural and Organic Foods", "Sku": "21108164_EA", "Regular Price": "None", "Sale Price": "14.99", "Image": "https://assets.shop.loblaws.ca/products/21108164/b1/en/front/21108164_front_a01_@2.png", "Brand": "PATIENCE FRUIT & CO", "Url": "https://www.maxi.ca/juice-wild-blueberry-organic/p/21108164_EA", "Sub Category": null, "English Name": "Juice Wild Blueberry Organic", "Size": "946 ml", "Size Label": "ea"}, {"Category": "Beverages", "Aisle": "Natural and Organic Foods", "Sku": "21022975_EA", "Regular Price": "None", "Sale Price": "3.89", "Image": "https://assets.shop.loblaws.ca/products/21022975/b1/en/front/21022975_front_a01_@2.png", "Brand": "PC Organics", "Url": "https://www.maxi.ca/organic-mango-lemonade/p/21022975_EA", "Sub Category": null, "English Name": "Organic Mango Lemonade", "Size": "946 ml", "Size Label": "ea"}, {"Category": "Beverages", "Aisle": "Natural and Organic Foods", "Sku": "21397443_EA", "Regular Price": "None", "Sale Price": "4.88", "Image": "https://assets.shop.loblaws.ca/products/21397443/b1/en/front/21397443_front_a01_@2.png", "Brand": "Traditional Medicinals", "Url": "https://www.maxi.ca/chamomile-lavender-organic-wrapped-tea-bags/p/21397443_EA", "Sub Category": null, "English Name": "Chamomile & Lavender Organic Wrapped Tea Bags", "Size": "16 ea", "Size Label": "ea"}, {"Category": "Beverages", "Aisle": "Natural and Organic Foods", "Sku": "21405543_EA", "Regular Price": "None", "Sale Price": "9.99", "Image": "https://assets.shop.loblaws.ca/products/21405543/b1/en/front/21405543_front_a01_@2.png", "Brand": "PC Organics", "Url": "https://www.maxi.ca/pc-organics-swiss-water-process-decaffeinated-medi/p/21405543_EA", "Sub Category": null, "English Name": "PC\u00ae Organics Swiss Water\u00ae Process Decaffeinated Medium Dark Roast Ground Coffee", "Size": "250 g", "Size Label": "ea"}, {"Category": "Beverages", "Aisle": "Natural and Organic Foods", "Sku": "21436627_C04", "Regular Price": "8.49", "Sale Price": "6.00", "Image": "https://assets.shop.loblaws.ca/products/21436627/b1/en/front/21436627_front_a01_@2.png", "Brand": "Remedy", "Url": "https://www.maxi.ca/ginger-beer/p/21436627_C04", "Sub Category": null, "English Name": "Ginger Beer", "Size": "4x330.0 ml", "Size Label": "c04"}, {"Category": "Beverages", "Aisle": "Natural and Organic Foods", "Sku": "21405547_EA", "Regular Price": "None", "Sale Price": "9.99", "Image": "https://assets.shop.loblaws.ca/products/21405547/b1/en/front/21405547_front_a01_@2.png", "Brand": "PC Organics", "Url": "https://www.maxi.ca/dark-roast-ground-coffee/p/21405547_EA", "Sub Category": null, "English Name": "Dark Roast Ground Coffee", "Size": "250 g", "Size Label": "ea"}, {"Category": "Beverages", "Aisle": "Natural and Organic Foods", "Sku": "21295058_EA", "Regular Price": "None", "Sale Price": "4.49", "Image": "https://assets.shop.loblaws.ca/products/21295058/b1/en/front/21295058_front_a01_@2.png", "Brand": "Rise Kombucha", "Url": "https://www.maxi.ca/raspberry-vanilla/p/21295058_EA", "Sub Category": null, "English Name": "Raspberry & Vanilla", "Size": "414 ml", "Size Label": "ea"}, {"Category": "Beverages", "Aisle": "Natural and Organic Foods", "Sku": "20951154_C08", "Regular Price": "None", "Sale Price": "6.49", "Image": "https://assets.shop.loblaws.ca/products/20951154/b1/en/front/20951154_front_a01_@2.png", "Brand": "Lacroix", "Url": "https://www.maxi.ca/peach-pear-sparkling-water/p/20951154_C08", "Sub Category": null, "English Name": "Peach Pear Sparkling Water", "Size": "8x355.0 ml", "Size Label": "c08"}, {"Category": "Beverages", "Aisle": "Natural and Organic Foods", "Sku": "21108167_EA", "Regular Price": "None", "Sale Price": "11.49", "Image": "https://assets.shop.loblaws.ca/products/21108167/b1/en/front/21108167_front_a01_@2.png", "Brand": "PATIENCE FRUIT & CO", "Url": "https://www.maxi.ca/juice-cranberry-organic/p/21108167_EA", "Sub Category": null, "English Name": "Juice Cranberry Organic", "Size": "946 ml", "Size Label": "ea"}, {"Category": "Beverages", "Aisle": "Natural and Organic Foods", "Sku": "21108268_EA", "Regular Price": "None", "Sale Price": "9.00", "Image": "https://assets.shop.loblaws.ca/products/21108268/b1/en/front/21108268_front_a01_@2.png", "Brand": "Fruit d'Or", "Url": "https://www.maxi.ca/pure-juice-nordic-cranberry/p/21108268_EA", "Sub Category": null, "English Name": "Pure Juice Nordic Cranberry", "Size": "1 l", "Size Label": "ea"}, {"Category": "Beverages", "Aisle": "Natural and Organic Foods", "Sku": "21398071_EA", "Regular Price": "None", "Sale Price": "4.88", "Image": "https://assets.shop.loblaws.ca/products/21398071/b1/en/front/21398071_front_a01_@2.png", "Brand": "Traditional Medicinals", "Url": "https://www.maxi.ca/ginger-organic-green-tea/p/21398071_EA", "Sub Category": null, "English Name": "Ginger Organic Green Tea", "Size": "16 ea", "Size Label": "ea"}, {"Category": "Beverages", "Aisle": "Natural and Organic Foods", "Sku": "21397446_EA", "Regular Price": "None", "Sale Price": "4.88", "Image": "https://assets.shop.loblaws.ca/products/21397446/b1/en/front/21397446_front_a01_@2.png", "Brand": "Traditional Medicinals", "Url": "https://www.maxi.ca/ginger-aid-organic-wrapped-tea-bags/p/21397446_EA", "Sub Category": null, "English Name": "Ginger Aid Organic Wrapped Tea Bags", "Size": "16 ea", "Size Label": "ea"}, {"Category": "Beverages", "Aisle": "Natural and Organic Foods", "Sku": "21398618_EA", "Regular Price": "None", "Sale Price": "4.88", "Image": "https://assets.shop.loblaws.ca/products/21398618/b1/en/front/21398618_front_a01_@2.png", "Brand": "Traditional Medicinals", "Url": "https://www.maxi.ca/chamomile-organic-wrapped-tea-bags/p/21398618_EA", "Sub Category": null, "English Name": "Chamomile Organic Wrapped Tea Bags", "Size": "16 ea", "Size Label": "ea"}, {"Category": "Beverages", "Aisle": "Natural and Organic Foods", "Sku": "21411143_EA", "Regular Price": "None", "Sale Price": "4.49", "Image": "https://assets.shop.loblaws.ca/products/21411143/b1/en/front/21411143_front_a01_@2.png", "Brand": "PC Organics", "Url": "https://www.maxi.ca/green-tea/p/21411143_EA", "Sub Category": null, "English Name": "Green Tea", "Size": "1 ea", "Size Label": "ea"}, {"Category": "Beverages", "Aisle": "Natural and Organic Foods", "Sku": "21295048_EA", "Regular Price": "None", "Sale Price": "4.49", "Image": "https://assets.shop.loblaws.ca/products/21295048/b1/en/front/21295048_front_a01_@2.png", "Brand": "Rise Kombucha", "Url": "https://www.maxi.ca/mango-papaya/p/21295048_EA", "Sub Category": null, "English Name": "Mango & Papaya", "Size": "414 ml", "Size Label": "ea"}, {"Category": "Beverages", "Aisle": "Natural and Organic Foods", "Sku": "21425934_C04", "Regular Price": "None", "Sale Price": "6.00", "Image": "https://assets.shop.loblaws.ca/products/21425934/b1/en/front/21425934_front_a01_@2.png", "Brand": "Remedy", "Url": "https://www.maxi.ca/kombucha-blood-orange-switchel/p/21425934_C04", "Sub Category": null, "English Name": "Kombucha, Blood Orange Switchel", "Size": "4x330.0 ml", "Size Label": "c04"}, {"Category": "Beverages", "Aisle": "Natural and Organic Foods", "Sku": "21416328_EA", "Regular Price": "None", "Sale Price": "2.79", "Image": "https://assets.shop.loblaws.ca/products/21416328/b1/en/front/21416328_front_a01_@2.png", "Brand": "Natura", "Url": "https://www.maxi.ca/unsweetened-original-organic-fortified-gluten-free/p/21416328_EA", "Sub Category": null, "English Name": "Unsweetened Original Organic Fortified Gluten-Free Oat Beverage", "Size": "946 ml", "Size Label": "ea"}, {"Category": "Beverages", "Aisle": "Natural and Organic Foods", "Sku": "21539999_C04", "Regular Price": "8.49", "Sale Price": "6.00", "Image": "https://assets.shop.loblaws.ca/products/21539999/b1/en/front/21539999_front_a01_@2.png", "Brand": "Remedy", "Url": "https://www.maxi.ca/organic-kombucha-orange-splash/p/21539999_C04", "Sub Category": null, "English Name": "Organic Kombucha Orange Splash", "Size": "4x330.0 ml", "Size Label": "c04"}, {"Category": "Beverages", "Aisle": "Natural and Organic Foods", "Sku": "21410942_EA", "Regular Price": "None", "Sale Price": "4.49", "Image": "https://assets.shop.loblaws.ca/products/21410942/b1/en/front/21410942_front_a01_@2.png", "Brand": "PC Organics", "Url": "https://www.maxi.ca/chamomile-herbal-tea/p/21410942_EA", "Sub Category": null, "English Name": "Chamomile Herbal Tea", "Size": "1 ea", "Size Label": "ea"}, {"Category": "Beverages", "Aisle": "Natural and Organic Foods", "Sku": "21397464_EA", "Regular Price": "None", "Sale Price": "4.88", "Image": "https://assets.shop.loblaws.ca/products/21397464/b1/en/front/21397464_front_a01_@2.png", "Brand": "Traditional Medicinals", "Url": "https://www.maxi.ca/smooth-move-original-with-senna-organic-wrapped-te/p/21397464_EA", "Sub Category": null, "English Name": "Smooth Move Original With Senna Organic Wrapped Tea Bags", "Size": "16 ea", "Size Label": "ea"}, {"Category": "Baking", "Aisle": "Natural and Organic Foods", "Sku": "20284474_EA", "Regular Price": "None", "Sale Price": "25.49", "Image": "https://assets.shop.loblaws.ca/products/20284474/b1/en/front/20284474_front_a01_@2.png", "Brand": "President's Choice", "Url": "https://www.maxi.ca/deluxe-mixed-nuts-with-sea-salt/p/20284474_EA", "Sub Category": null, "English Name": "Deluxe Mixed Nuts with Sea Salt", "Size": "1.13 kg", "Size Label": "ea"}, {"Category": "Baking", "Aisle": "Natural and Organic Foods", "Sku": "21411836_EA", "Regular Price": "None", "Sale Price": "6.49", "Image": "https://assets.shop.loblaws.ca/products/21411836/b1/en/front/21411836_front_a01_@2.png", "Brand": "President's Choice", "Url": "https://www.maxi.ca/nutritional-yeast-large-flake/p/21411836_EA", "Sub Category": null, "English Name": "Nutritional Yeast, Large Flake", "Size": "142 g", "Size Label": "ea"}, {"Category": "Baking", "Aisle": "Natural and Organic Foods", "Sku": "21127426_EA", "Regular Price": "None", "Sale Price": "8.99", "Image": "https://assets.shop.loblaws.ca/products/21127426/b1/en/front/21127426_front_a01_@2.png", "Brand": "Bobs Red Mill", "Url": "https://www.maxi.ca/rolled-oats/p/21127426_EA", "Sub Category": null, "English Name": "Rolled Oats", "Size": "907 g", "Size Label": "ea"}, {"Category": "Baking", "Aisle": "Natural and Organic Foods", "Sku": "20099034001_EA", "Regular Price": "None", "Sale Price": "6.49", "Image": "https://assets.shop.loblaws.ca/products/20099034001/b1/en/front/20099034001_front_a01_@2.png", "Brand": "Enjoy Life", "Url": "https://www.maxi.ca/chocolate-mini-chips-semi-sweet/p/20099034001_EA", "Sub Category": null, "English Name": "Chocolate Mini Chips, Semi-Sweet", "Size": "283 g", "Size Label": "ea"}, {"Category": "Baking", "Aisle": "Natural and Organic Foods", "Sku": "20069335_EA", "Regular Price": "None", "Sale Price": "8.99", "Image": "https://assets.shop.loblaws.ca/products/20069335/b1/en/front/20069335_front_a01_@2.png", "Brand": "PC Organics", "Url": "https://www.maxi.ca/organic-all-purpose-flour-unbleached/p/20069335_EA", "Sub Category": null, "English Name": "Organic All-Purpose Flour, Unbleached", "Size": "2.5 kg", "Size Label": "ea"}, {"Category": "Baking", "Aisle": "Natural and Organic Foods", "Sku": "20332328_EA", "Regular Price": "5.79", "Sale Price": "4.99", "Image": "https://assets.shop.loblaws.ca/products/20332328/b1/en/front/20332328_front_a01_@2.png", "Brand": "PC Organics", "Url": "https://www.maxi.ca/organic-milled-flaxseed/p/20332328_EA", "Sub Category": null, "English Name": "Organic Milled Flaxseed", "Size": "400 g", "Size Label": "ea"}, {"Category": "Baking", "Aisle": "Natural and Organic Foods", "Sku": "20809079_EA", "Regular Price": "None", "Sale Price": "7.99", "Image": "https://assets.shop.loblaws.ca/products/20809079/b1/en/front/20809079_front_a01_@2.png", "Brand": "President's Choice", "Url": "https://www.maxi.ca/gluten-free-all-purpose-flour/p/20809079_EA", "Sub Category": null, "English Name": "Gluten Free All Purpose Flour", "Size": "800 g", "Size Label": "ea"}, {"Category": "Baking", "Aisle": "Natural and Organic Foods", "Sku": "21128308_EA", "Regular Price": "None", "Sale Price": "5.99", "Image": "https://assets.shop.loblaws.ca/products/21128308/b1/en/front/21128308_front_a01_@2.png", "Brand": "CanMar", "Url": "https://www.maxi.ca/milled-golden-roasted-flax-seed/p/21128308_EA", "Sub Category": null, "English Name": "Milled Golden Roasted Flax Seed  ", "Size": "425 g", "Size Label": "ea"}, {"Category": "Baking", "Aisle": "Natural and Organic Foods", "Sku": "21370054_EA", "Regular Price": "None", "Sale Price": "9.49", "Image": "https://assets.shop.loblaws.ca/products/21370054/b1/en/front/21370054_front_a01_@2.png", "Brand": "Bobs Red Mill", "Url": "https://www.maxi.ca/nutritional-yeast-large-flake/p/21370054_EA", "Sub Category": null, "English Name": "Nutritional Yeast Large Flake", "Size": "142 g", "Size Label": "ea"}, {"Category": "Baking", "Aisle": "Natural and Organic Foods", "Sku": "20822185_EA", "Regular Price": "None", "Sale Price": "8.99", "Image": "https://assets.shop.loblaws.ca/products/20822185/b1/en/front/20822185_front_a01_@2.png", "Brand": "Manitoba Harvest", "Url": "https://www.maxi.ca/hemp-hearts/p/20822185_EA", "Sub Category": null, "English Name": "Hemp Hearts", "Size": "227 g", "Size Label": "ea"}, {"Category": "Baking", "Aisle": "Natural and Organic Foods", "Sku": "20983856_EA", "Regular Price": "None", "Sale Price": "7.49", "Image": "https://assets.shop.loblaws.ca/products/20983856/b1/en/front/20983856_front_a01_@2.png", "Brand": "Elan", "Url": "https://www.maxi.ca/organic-chia-seeds/p/20983856_EA", "Sub Category": null, "English Name": "Organic Chia Seeds", "Size": "250 g", "Size Label": "ea"}, {"Category": "Baking", "Aisle": "Natural and Organic Foods", "Sku": "20972808_EA", "Regular Price": "None", "Sale Price": "7.99", "Image": "https://assets.shop.loblaws.ca/products/20972808/b1/en/front/20972808_front_a01_@2.png", "Brand": "President's Choice", "Url": "https://www.maxi.ca/hemp-hearts-raw-shelled-hemp-seeds/p/20972808_EA", "Sub Category": null, "English Name": "Hemp Hearts Raw Shelled Hemp Seeds", "Size": "227 g", "Size Label": "ea"}, {"Category": "Baking", "Aisle": "Natural and Organic Foods", "Sku": "21369199_EA", "Regular Price": "None", "Sale Price": "8.99", "Image": "https://assets.shop.loblaws.ca/products/21369199/b1/en/front/21369199_front_a01_@2.png", "Brand": "Bobs Red Mill", "Url": "https://www.maxi.ca/chia-seeds-premium-whole-organic/p/21369199_EA", "Sub Category": null, "English Name": "Chia Seeds Premium Whole Organic", "Size": "340 g", "Size Label": "ea"}, {"Category": "Baking", "Aisle": "Natural and Organic Foods", "Sku": "21517410_EA", "Regular Price": "None", "Sale Price": "4.79", "Image": "https://assets.shop.loblaws.ca/products/21517410/b1/en/front/21517410_front_a01_@2.png", "Brand": "PC Organics", "Url": "https://www.maxi.ca/dry-roasted-pumpkin-seeds-salted-200-g/p/21517410_EA", "Sub Category": null, "English Name": "Dry-Roasted Pumpkin Seeds, Salted 200 g", "Size": "200 g", "Size Label": "ea"}, {"Category": "Baking", "Aisle": "Natural and Organic Foods", "Sku": "20972806_EA", "Regular Price": "None", "Sale Price": "19.99", "Image": "https://assets.shop.loblaws.ca/products/20972806/b1/en/front/20972806_front_a01_@2.png", "Brand": "President's Choice", "Url": "https://www.maxi.ca/hemp-hearts-club-pack/p/20972806_EA", "Sub Category": null, "English Name": "Hemp Hearts, Club Pack", "Size": "800 g", "Size Label": "ea"}, {"Category": "Baking", "Aisle": "Natural and Organic Foods", "Sku": "21030053_EA", "Regular Price": "None", "Sale Price": "4.29", "Image": "https://assets.shop.loblaws.ca/products/21030053/b1/en/front/21030053_front_a01_@2.png", "Brand": "PC Organics", "Url": "https://www.maxi.ca/organic-milled-black-chia-seeds/p/21030053_EA", "Sub Category": null, "English Name": "Organic Milled Black Chia Seeds", "Size": "150 g", "Size Label": "ea"}, {"Category": "Baking", "Aisle": "Natural and Organic Foods", "Sku": "21163289_EA", "Regular Price": "None", "Sale Price": "7.49", "Image": "https://assets.shop.loblaws.ca/products/21163289/b1/en/front/21163289_front_a01_@2.png", "Brand": "PC Organics", "Url": "https://www.maxi.ca/organic-jumbo-raisins-canister/p/21163289_EA", "Sub Category": null, "English Name": "Organic Jumbo Raisins Canister", "Size": "425 g", "Size Label": "ea"}, {"Category": "Baking", "Aisle": "Natural and Organic Foods", "Sku": "21127335_EA", "Regular Price": "None", "Sale Price": "8.49", "Image": "https://assets.shop.loblaws.ca/products/21127335/b1/en/front/21127335_front_a01_@2.png", "Brand": "Bobs Red Mill", "Url": "https://www.maxi.ca/baking-flour/p/21127335_EA", "Sub Category": null, "English Name": "Baking Flour", "Size": "624 g", "Size Label": "ea"}, {"Category": "Baking", "Aisle": "Natural and Organic Foods", "Sku": "21195403_EA", "Regular Price": "None", "Sale Price": "7.49", "Image": "https://assets.shop.loblaws.ca/products/21195403/b1/en/front/21195403_front_a01_@2.png", "Brand": "PC Organics", "Url": "https://www.maxi.ca/organic-dried-mango/p/21195403_EA", "Sub Category": null, "English Name": "Organic Dried Mango", "Size": "150 g", "Size Label": "ea"}, {"Category": "Baking", "Aisle": "Natural and Organic Foods", "Sku": "21306368_EA", "Regular Price": "None", "Sale Price": "6.99", "Image": "https://assets.shop.loblaws.ca/products/21306368/b1/en/front/21306368_front_a01_@2.png", "Brand": "Elan", "Url": "https://www.maxi.ca/organic-raw-brazil-nuts/p/21306368_EA", "Sub Category": null, "English Name": "Organic Raw Brazil Nuts", "Size": "185 g", "Size Label": "ea"}, {"Category": "Baking", "Aisle": "Natural and Organic Foods", "Sku": "20330885_EA", "Regular Price": "5.79", "Sale Price": "4.99", "Image": "https://assets.shop.loblaws.ca/products/20330885/b1/en/front/20330885_front_a01_@2.png", "Brand": "PC Organics", "Url": "https://www.maxi.ca/organic-whole-flaxseed/p/20330885_EA", "Sub Category": null, "English Name": "Organic Whole Flaxseed", "Size": "454 g", "Size Label": "ea"}, {"Category": "Baking", "Aisle": "Natural and Organic Foods", "Sku": "21062022_EA", "Regular Price": "None", "Sale Price": "6.99", "Image": "https://assets.shop.loblaws.ca/products/21062022/b1/en/front/21062022_front_a01_@2.png", "Brand": "PC Organics", "Url": "https://www.maxi.ca/organic-cocoa-powder/p/21062022_EA", "Sub Category": null, "English Name": "Organic Cocoa Powder", "Size": "224 g", "Size Label": "ea"}, {"Category": "Baking", "Aisle": "Natural and Organic Foods", "Sku": "21411825_EA", "Regular Price": "None", "Sale Price": "17.49", "Image": "https://assets.shop.loblaws.ca/products/21411825/b1/en/front/21411825_front_a01_@2.png", "Brand": "President's Choice", "Url": "https://www.maxi.ca/fine-grind-almond-flour/p/21411825_EA", "Sub Category": null, "English Name": "Fine Grind Almond Flour ", "Size": "1 kg", "Size Label": "ea"}, {"Category": "Baking", "Aisle": "Natural and Organic Foods", "Sku": "20303111_EA", "Regular Price": "None", "Sale Price": "8.99", "Image": "https://assets.shop.loblaws.ca/products/20303111/b1/en/front/20303111_front_a01_@2.png", "Brand": "PC Organics", "Url": "https://www.maxi.ca/organic-flour-whole-wheat/p/20303111_EA", "Sub Category": null, "English Name": "Organic Flour, Whole Wheat", "Size": "2.5 kg", "Size Label": "ea"}, {"Category": "Baking", "Aisle": "Natural and Organic Foods", "Sku": "21041746_EA", "Regular Price": "6.49", "Sale Price": "5.99", "Image": "https://assets.shop.loblaws.ca/products/21041746/b1/en/front/21041746_front_a01_@2.png", "Brand": "Prana", "Url": "https://www.maxi.ca/kilimanjaro-organic-deluxe-chocolate-trail-mix/p/21041746_EA", "Sub Category": null, "English Name": "Kilimanjaro Organic Deluxe Chocolate Trail Mix", "Size": "150 g", "Size Label": "ea"}, {"Category": "Baking", "Aisle": "Natural and Organic Foods", "Sku": "21334660_EA", "Regular Price": "None", "Sale Price": "6.00", "Image": "https://assets.shop.loblaws.ca/products/21334660/b1/en/front/21334660_front_a01_@2.png", "Brand": "Prana", "Url": "https://www.maxi.ca/whole-black-chia-and-flax/p/21334660_EA", "Sub Category": null, "English Name": "Whole Black Chia and Flax ", "Size": "225 g", "Size Label": "ea"}, {"Category": "Baking", "Aisle": "Natural and Organic Foods", "Sku": "20845806001_EA", "Regular Price": "7.99", "Sale Price": "7.49", "Image": "https://assets.shop.loblaws.ca/products/20845806001/b1/en/front/20845806001_front_a01_@2.png", "Brand": "Prana", "Url": "https://www.maxi.ca/organic-whole-white-chia-seeds/p/20845806001_EA", "Sub Category": null, "English Name": "Organic Whole White Chia Seeds", "Size": "300 g", "Size Label": "ea"}, {"Category": "Baking", "Aisle": "Natural and Organic Foods", "Sku": "21041709_EA", "Regular Price": "None", "Sale Price": "8.49", "Image": "https://assets.shop.loblaws.ca/products/21041709/b1/en/front/21041709_front_a01_@2.png", "Brand": "Prana", "Url": "https://www.maxi.ca/organic-extaze-sea-salted-cashews/p/21041709_EA", "Sub Category": null, "English Name": "Organic Extaze Sea Salted Cashews", "Size": "150 g", "Size Label": "ea"}, {"Category": "Baking", "Aisle": "Natural and Organic Foods", "Sku": "20867076_EA", "Regular Price": "None", "Sale Price": "5.00", "Image": "https://assets.shop.loblaws.ca/products/20867076/b1/en/front/20867076_front_a01_@2.png", "Brand": "Prana", "Url": "https://www.maxi.ca/sumsuma-sesame-squares/p/20867076_EA", "Sub Category": null, "English Name": "Sumsuma Sesame Squares", "Size": "150 g", "Size Label": "ea"}, {"Category": "Baking", "Aisle": "Natural and Organic Foods", "Sku": "21334691_EA", "Regular Price": "11.49", "Sale Price": "7.49", "Image": "https://assets.shop.loblaws.ca/products/21334691/b1/en/front/21334691_front_a01_@2.png", "Brand": "Prana", "Url": "https://www.maxi.ca/shelled-hemp-seeds-and-whole-black-chia/p/21334691_EA", "Sub Category": null, "English Name": "Shelled Hemp Seeds and Whole Black Chia", "Size": "250 g", "Size Label": "ea"}, {"Category": "Baking", "Aisle": "Natural and Organic Foods", "Sku": "21102198_EA", "Regular Price": "None", "Sale Price": "17.99", "Image": "https://assets.shop.loblaws.ca/products/21102198/b1/en/front/21102198_front_a01_@2.png", "Brand": "Bobs Red Mill", "Url": "https://www.maxi.ca/almond-flour-super-fine/p/21102198_EA", "Sub Category": null, "English Name": "Almond Flour Super Fine", "Size": "453 g", "Size Label": "ea"}, {"Category": "Baking", "Aisle": "Natural and Organic Foods", "Sku": "20317961002_EA", "Regular Price": "None", "Sale Price": "6.99", "Image": "https://assets.shop.loblaws.ca/products/20317961002/b1/en/front/20317961002_front_a01_@2.png", "Brand": "Herbamare", "Url": "https://www.maxi.ca/seasoning-zesty/p/20317961002_EA", "Sub Category": null, "English Name": "Seasoning, Zesty     ", "Size": "250 g", "Size Label": "ea"}, {"Category": "Baking", "Aisle": "Natural and Organic Foods", "Sku": "20317961001_EA", "Regular Price": "7.49", "Sale Price": "6.99", "Image": "https://assets.shop.loblaws.ca/products/20317961001/b1/en/front/20317961001_front_a01_@2.png", "Brand": "Herbamare", "Url": "https://www.maxi.ca/seasoning-original/p/20317961001_EA", "Sub Category": null, "English Name": "Seasoning, Original     ", "Size": "250 g", "Size Label": "ea"}, {"Category": "Baking", "Aisle": "Natural and Organic Foods", "Sku": "21517183_EA", "Regular Price": "None", "Sale Price": "6.99", "Image": "https://assets.shop.loblaws.ca/products/21517183/b1/en/front/21517183_front_a01_@2.png", "Brand": "PC Organics", "Url": "https://www.maxi.ca/raw-walnuts-halves-pieces-200-g/p/21517183_EA", "Sub Category": null, "English Name": "Raw Walnuts Halves Pieces 200 g", "Size": "200 g", "Size Label": "ea"}, {"Category": "Baking", "Aisle": "Natural and Organic Foods", "Sku": "21517447_EA", "Regular Price": "None", "Sale Price": "8.79", "Image": "https://assets.shop.loblaws.ca/products/21517447/b1/en/front/21517447_front_a01_@2.png", "Brand": "PC Organics", "Url": "https://www.maxi.ca/salted-mixed-nuts/p/21517447_EA", "Sub Category": null, "English Name": "Salted Mixed Nuts", "Size": "200 g", "Size Label": "ea"}, {"Category": "Baking", "Aisle": "Natural and Organic Foods", "Sku": "21041713_EA", "Regular Price": "None", "Sale Price": "8.49", "Image": "https://assets.shop.loblaws.ca/products/21041713/b1/en/front/21041713_front_a01_@2.png", "Brand": "Prana", "Url": "https://www.maxi.ca/organic-nirvana-sea-salted-almonds/p/21041713_EA", "Sub Category": null, "English Name": "Organic Nirvana Sea Salted Almonds", "Size": "150 g", "Size Label": "ea"}, {"Category": "Baking", "Aisle": "Natural and Organic Foods", "Sku": "20901530_EA", "Regular Price": "7.99", "Sale Price": "4.99", "Image": "https://assets.shop.loblaws.ca/products/20901530/b1/en/front/20901530_front_a01_@2.png", "Brand": "PC Organics", "Url": "https://www.maxi.ca/organic-black-chia-seed/p/20901530_EA", "Sub Category": null, "English Name": "Organic Black Chia Seed", "Size": "300 g", "Size Label": "ea"}, {"Category": "Baking", "Aisle": "Natural and Organic Foods", "Sku": "21027380_EA", "Regular Price": "None", "Sale Price": "3.49", "Image": "https://assets.shop.loblaws.ca/products/21027380/b1/en/front/21027380_front_a01_@2.png", "Brand": null, "Url": "https://www.maxi.ca/organic-coconut-smiles/p/21027380_EA", "Sub Category": null, "English Name": "Organic Coconut Smiles", "Size": "125 g", "Size Label": "ea"}, {"Category": "Baking", "Aisle": "Natural and Organic Foods", "Sku": "21466977_EA", "Regular Price": "None", "Sale Price": "7.99", "Image": "https://assets.shop.loblaws.ca/products/21466977/b1/en/front/21466977_front_a01_@2.png", "Brand": "Lulubelle & Co", "Url": "https://www.maxi.ca/gluten-free-muffin-mix-chocolate/p/21466977_EA", "Sub Category": null, "English Name": "Gluten-Free Muffin Mix Chocolate", "Size": "400 g", "Size Label": "ea"}, {"Category": "Baking", "Aisle": "Natural and Organic Foods", "Sku": "20985778_EA", "Regular Price": "None", "Sale Price": "5.69", "Image": "https://assets.shop.loblaws.ca/products/20985778/b1/en/front/20985778_front_a01_@2.png", "Brand": "Elan", "Url": "https://www.maxi.ca/organic-himalayan-sunshine/p/20985778_EA", "Sub Category": null, "English Name": "Organic Himalayan Sunshine", "Size": "150 g", "Size Label": "ea"}, {"Category": "Baking", "Aisle": "Natural and Organic Foods", "Sku": "21041743_EA", "Regular Price": "None", "Sale Price": "8.49", "Image": "https://assets.shop.loblaws.ca/products/21041743/b1/en/front/21041743_front_a01_@2.png", "Brand": "Prana", "Url": "https://www.maxi.ca/organic-samadhi-tamari-almonds/p/21041743_EA", "Sub Category": null, "English Name": "Organic Samadhi Tamari Almonds", "Size": "150 g", "Size Label": "ea"}, {"Category": "Baking", "Aisle": "Natural and Organic Foods", "Sku": "21309604_EA", "Regular Price": "None", "Sale Price": "6.00", "Image": "https://assets.shop.loblaws.ca/products/21309604/b1/en/front/21309604_front_a01_@2.png", "Brand": "PC Organics", "Url": "https://www.maxi.ca/organic-bittersweet-chocolate-chips/p/21309604_EA", "Sub Category": null, "English Name": "Organic Bittersweet Chocolate Chips", "Size": "205 g", "Size Label": "ea"}, {"Category": "Baking", "Aisle": "Natural and Organic Foods", "Sku": "21042073_EA", "Regular Price": "None", "Sale Price": "5.99", "Image": "https://assets.shop.loblaws.ca/products/21042073/b1/en/front/21042073_front_a01_@2.png", "Brand": "Prana", "Url": "https://www.maxi.ca/annapurna-almond-goji-cranberry/p/21042073_EA", "Sub Category": null, "English Name": "Annapurna, Almond-Goji-Cranberry", "Size": "150 g", "Size Label": "ea"}, {"Category": "Baking", "Aisle": "Natural and Organic Foods", "Sku": "21474727_EA", "Regular Price": "None", "Sale Price": "6.29", "Image": "https://assets.shop.loblaws.ca/products/21474727/b1/en/front/21474727_front_a01_@2.png", "Brand": "PC Organics", "Url": "https://www.maxi.ca/cherries-cranberries-dark-chocolate-trail-mix/p/21474727_EA", "Sub Category": null, "English Name": "Cherries, Cranberries & Dark Chocolate Trail Mix", "Size": "150 g", "Size Label": "ea"}, {"Category": "Baking", "Aisle": "Natural and Organic Foods", "Sku": "21306142_EA", "Regular Price": "None", "Sale Price": "6.99", "Image": "https://assets.shop.loblaws.ca/products/21306142/b1/en/front/21306142_front_a01_@2.png", "Brand": "Tootsie", "Url": "https://www.maxi.ca/organic-raw-cashews/p/21306142_EA", "Sub Category": null, "English Name": "Organic Raw Cashews", "Size": "185 g", "Size Label": "ea"}, {"Category": "Baking", "Aisle": "Natural and Organic Foods", "Sku": "21195390_EA", "Regular Price": "None", "Sale Price": "8.99", "Image": "https://assets.shop.loblaws.ca/products/21195390/b1/en/front/21195390_front_a01_@2.png", "Brand": "PC Organics", "Url": "https://www.maxi.ca/organic-dried-cranberries/p/21195390_EA", "Sub Category": null, "English Name": "Organic Dried Cranberries", "Size": "250 g", "Size Label": "ea"}, {"Category": "Baking", "Aisle": "Natural and Organic Foods", "Sku": "21128309_EA", "Regular Price": "None", "Sale Price": "5.99", "Image": "https://assets.shop.loblaws.ca/products/21128309/b1/en/front/21128309_front_a01_@2.png", "Brand": "CanMar", "Url": "https://www.maxi.ca/golden-roasted-flax-seed/p/21128309_EA", "Sub Category": null, "English Name": "Golden Roasted Flax Seed   ", "Size": "425 g", "Size Label": "ea"}, {"Category": "Baking", "Aisle": "Natural and Organic Foods", "Sku": "20827186_EA", "Regular Price": "None", "Sale Price": "12.49", "Image": "https://assets.shop.loblaws.ca/products/20827186/b1/en/front/20827186_front_a01_@2.png", "Brand": "Manitoba Harvest", "Url": "https://www.maxi.ca/organic-hemp-hearts/p/20827186_EA", "Sub Category": null, "English Name": "Organic Hemp Hearts", "Size": "200 g", "Size Label": "ea"}, {"Category": "Baking", "Aisle": "Natural and Organic Foods", "Sku": "21411835_EA", "Regular Price": "None", "Sale Price": "6.49", "Image": "https://assets.shop.loblaws.ca/products/21411835/b1/en/front/21411835_front_a01_@2.png", "Brand": "President's Choice", "Url": "https://www.maxi.ca/super-fine-xanthan-gum/p/21411835_EA", "Sub Category": null, "English Name": "Super Fine Xanthan Gum", "Size": "227 g", "Size Label": "ea"}, {"Category": "Canned", "Aisle": "Natural and Organic Foods", "Sku": "21403992_EA", "Regular Price": "None", "Sale Price": "2.00", "Image": "https://assets.shop.loblaws.ca/products/21403992/b1/en/front/21403992_front_a01_@2.png", "Brand": "PC Organics", "Url": "https://www.maxi.ca/chickpeas/p/21403992_EA", "Sub Category": null, "English Name": "Chickpeas", "Size": "398 ml", "Size Label": "ea"}, {"Category": "Canned", "Aisle": "Natural and Organic Foods", "Sku": "21403943_EA", "Regular Price": "None", "Sale Price": "2.00", "Image": "https://assets.shop.loblaws.ca/products/21403943/b1/en/front/21403943_front_a01_@2.png", "Brand": "PC Organics", "Url": "https://www.maxi.ca/black-beans/p/21403943_EA", "Sub Category": null, "English Name": "Black Beans", "Size": "398 ml", "Size Label": "ea"}, {"Category": "Canned", "Aisle": "Natural and Organic Foods", "Sku": "21403994_EA", "Regular Price": "None", "Sale Price": "2.00", "Image": "https://assets.shop.loblaws.ca/products/21403994/b1/en/front/21403994_front_a01_@2.png", "Brand": "PC Organics", "Url": "https://www.maxi.ca/red-kidney-beans/p/21403994_EA", "Sub Category": null, "English Name": "Red Kidney Beans", "Size": "398 ml", "Size Label": "ea"}, {"Category": "Canned", "Aisle": "Natural and Organic Foods", "Sku": "21411100_EA", "Regular Price": "None", "Sale Price": "2.00", "Image": "https://assets.shop.loblaws.ca/products/21411100/b1/en/front/21411100_front_a01_@2.png", "Brand": "PC Organics", "Url": "https://www.maxi.ca/bean-medley/p/21411100_EA", "Sub Category": null, "English Name": "Bean Medley", "Size": "398 ml", "Size Label": "ea"}, {"Category": "Canned", "Aisle": "Natural and Organic Foods", "Sku": "21122805_EA", "Regular Price": "None", "Sale Price": "2.89", "Image": "https://assets.shop.loblaws.ca/products/21122805/b1/en/front/21122805_front_a01_@2.png", "Brand": "Bioitalia", "Url": "https://www.maxi.ca/organic-lentils/p/21122805_EA", "Sub Category": null, "English Name": "Organic Lentils", "Size": "398 ml", "Size Label": "ea"}, {"Category": "Canned", "Aisle": "Natural and Organic Foods", "Sku": "21077670_EA", "Regular Price": "None", "Sale Price": "3.29", "Image": "https://assets.shop.loblaws.ca/products/21077670/b1/en/front/21077670_front_a01_@2.png", "Brand": "Bioitalia", "Url": "https://www.maxi.ca/organic-chopped-tomatoes/p/21077670_EA", "Sub Category": null, "English Name": "Organic Chopped Tomatoes", "Size": "398 ml", "Size Label": "ea"}, {"Category": "Canned", "Aisle": "Natural and Organic Foods", "Sku": "20317500002_EA", "Regular Price": "None", "Sale Price": "2.99", "Image": "https://assets.shop.loblaws.ca/products/20317500002/b1/en/front/20317500002_front_a01_@2.png", "Brand": "Raincoast", "Url": "https://www.maxi.ca/wild-pink-salmon-no-added-salt/p/20317500002_EA", "Sub Category": null, "English Name": "Wild Pink Salmon, No Added Salt", "Size": "160 g", "Size Label": "ea"}, {"Category": "Canned", "Aisle": "Natural and Organic Foods", "Sku": "20977286_EA", "Regular Price": "None", "Sale Price": "6.29", "Image": "https://assets.shop.loblaws.ca/products/20977286/b1/en/front/20977286_front_a01_@2.png", "Brand": "Bioitalia", "Url": "https://www.maxi.ca/organic-tomato-paste/p/20977286_EA", "Sub Category": null, "English Name": "Organic Tomato Paste", "Size": "300 ml", "Size Label": "ea"}, {"Category": "Canned", "Aisle": "Natural and Organic Foods", "Sku": "20004280_EA", "Regular Price": "None", "Sale Price": "6.99", "Image": "https://assets.shop.loblaws.ca/products/20004280/b1/en/front/20004280_front_a01_@2.png", "Brand": "Raincoast", "Url": "https://www.maxi.ca/wild-skinless-boneless-sockeye-salmon/p/20004280_EA", "Sub Category": null, "English Name": "Wild Skinless Boneless Sockeye Salmon", "Size": "150 g", "Size Label": "ea"}, {"Category": "Canned", "Aisle": "Natural and Organic Foods", "Sku": "20031301001_EA", "Regular Price": "None", "Sale Price": "6.49", "Image": "https://assets.shop.loblaws.ca/products/20031301001/b1/en/front/20031301001_front_a01_@2.png", "Brand": "Raincoast", "Url": "https://www.maxi.ca/wild-solid-white-albacore-tuna-no-salt-added/p/20031301001_EA", "Sub Category": null, "English Name": "Wild Solid White Albacore Tuna, No Salt Added", "Size": "150 g", "Size Label": "ea"}, {"Category": "Canned", "Aisle": "Natural and Organic Foods", "Sku": "20415010001_EA", "Regular Price": "None", "Sale Price": "2.99", "Image": "https://assets.shop.loblaws.ca/products/20415010001/b1/en/front/20415010001_front_a01_@2.png", "Brand": "Raincoast", "Url": "https://www.maxi.ca/wild-pacific-sardines-spring-water/p/20415010001_EA", "Sub Category": null, "English Name": "Wild Pacific Sardines, Spring Water", "Size": "120 g", "Size Label": "ea"}, {"Category": "Canned", "Aisle": "Natural and Organic Foods", "Sku": "20031301002_EA", "Regular Price": "None", "Sale Price": "6.49", "Image": "https://assets.shop.loblaws.ca/products/20031301002/b1/en/front/20031301002_front_a01_@2.png", "Brand": "Raincoast", "Url": "https://www.maxi.ca/wild-solid-white-albacore-tuna/p/20031301002_EA", "Sub Category": null, "English Name": "Wild Solid White Albacore Tuna", "Size": "150 g", "Size Label": "ea"}, {"Category": "Canned", "Aisle": "Natural and Organic Foods", "Sku": "21078168_EA", "Regular Price": "None", "Sale Price": "3.19", "Image": "https://assets.shop.loblaws.ca/products/21078168/b1/en/front/21078168_front_a01_@2.png", "Brand": "Bioitalia", "Url": "https://www.maxi.ca/organic-peeled-tomatoes/p/21078168_EA", "Sub Category": null, "English Name": "Organic Peeled Tomatoes", "Size": "398 ml", "Size Label": "ea"}, {"Category": "Oil & Vinegar", "Aisle": "Natural and Organic Foods", "Sku": "20967759_EA", "Regular Price": "16.49", "Sale Price": "14.99", "Image": "https://assets.shop.loblaws.ca/products/20967759/b1/en/front/20967759_front_a01_@2.png", "Brand": "Chosen Foods", "Url": "https://www.maxi.ca/avocado-oil/p/20967759_EA", "Sub Category": null, "English Name": "Avocado Oil", "Size": "750 ml", "Size Label": "ea"}, {"Category": "Oil & Vinegar", "Aisle": "Natural and Organic Foods", "Sku": "20893349_EA", "Regular Price": "None", "Sale Price": "16.99", "Image": "https://assets.shop.loblaws.ca/products/20893349/b1/en/front/20893349_front_a01_@2.png", "Brand": "PC Organics", "Url": "https://www.maxi.ca/organics-coconut-oil/p/20893349_EA", "Sub Category": null, "English Name": "Organics Coconut Oil", "Size": "860 ml", "Size Label": "ea"}, {"Category": "Oil & Vinegar", "Aisle": "Natural and Organic Foods", "Sku": "20983004_EA", "Regular Price": "None", "Sale Price": "9.49", "Image": "https://assets.shop.loblaws.ca/products/20983004/b1/en/front/20983004_front_a01_@2.png", "Brand": "Bragg", "Url": "https://www.maxi.ca/organic-apple-cider-vinegar/p/20983004_EA", "Sub Category": null, "English Name": "Organic Apple Cider Vinegar", "Size": "946 ml", "Size Label": "ea"}, {"Category": "Oil & Vinegar", "Aisle": "Natural and Organic Foods", "Sku": "21161996_EA", "Regular Price": "None", "Sale Price": "16.99", "Image": "https://assets.shop.loblaws.ca/products/21161996/b1/en/front/21161996_front_a01_@2.png", "Brand": "Terra", "Url": "https://www.maxi.ca/organic-extra-virgin-olive-oil/p/21161996_EA", "Sub Category": null, "English Name": "Organic Extra Virgin Olive Oil", "Size": "750 ml", "Size Label": "ea"}, {"Category": "Oil & Vinegar", "Aisle": "Natural and Organic Foods", "Sku": "20371617_EA", "Regular Price": "None", "Sale Price": "14.49", "Image": "https://assets.shop.loblaws.ca/products/20371617/b1/en/front/20371617_front_a01_@2.png", "Brand": "Nutiva", "Url": "https://www.maxi.ca/organic-virgin-coconut-oil/p/20371617_EA", "Sub Category": null, "English Name": "Organic Virgin Coconut Oil", "Size": "444 ml", "Size Label": "ea"}, {"Category": "Oil & Vinegar", "Aisle": "Natural and Organic Foods", "Sku": "20856507_EA", "Regular Price": "None", "Sale Price": "15.99", "Image": "https://assets.shop.loblaws.ca/products/20856507/b1/en/front/20856507_front_a01_@2.png", "Brand": "Nutiva", "Url": "https://www.maxi.ca/organic-refined-coconut-oil/p/20856507_EA", "Sub Category": null, "English Name": "Organic Refined Coconut Oil", "Size": "860 ml", "Size Label": "ea"}, {"Category": "Oil & Vinegar", "Aisle": "Natural and Organic Foods", "Sku": "20707369_EA", "Regular Price": "None", "Sale Price": "20.49", "Image": "https://assets.shop.loblaws.ca/products/20707369/b1/en/front/20707369_front_a01_@2.png", "Brand": "Nutiva", "Url": "https://www.maxi.ca/organic-virgin-coconut-oil/p/20707369_EA", "Sub Category": null, "English Name": "Organic Virgin Coconut Oil", "Size": "860 ml", "Size Label": "ea"}, {"Category": "Easy Prep Meals & Sides", "Aisle": "Natural and Organic Foods", "Sku": "20316187001_EA", "Regular Price": "None", "Sale Price": "3.29", "Image": "https://assets.shop.loblaws.ca/products/20316187001/b1/en/front/20316187001_front_a01_@2.png", "Brand": "Annie's", "Url": "https://www.maxi.ca/macaroni-cheese-shells-white-cheddar/p/20316187001_EA", "Sub Category": null, "English Name": "Macaroni & Cheese, Shells & White Cheddar", "Size": "170 g", "Size Label": "ea"}, {"Category": "Easy Prep Meals & Sides", "Aisle": "Natural and Organic Foods", "Sku": "20811201_EA", "Regular Price": "None", "Sale Price": "3.29", "Image": "https://assets.shop.loblaws.ca/products/20811201/b1/en/front/20811201_front_a01_@2.png", "Brand": "Annie's", "Url": "https://www.maxi.ca/pasta-shells-with-cheddar/p/20811201_EA", "Sub Category": null, "English Name": "Pasta, Shells With Cheddar", "Size": "170 g", "Size Label": "ea"}, {"Category": "Easy Prep Meals & Sides", "Aisle": "Natural and Organic Foods", "Sku": "20971517_EA", "Regular Price": "None", "Sale Price": "3.29", "Image": "https://assets.shop.loblaws.ca/products/20971517/b1/en/front/20971517_front_a01_@2.png", "Brand": "Annie's", "Url": "https://www.maxi.ca/macaroni-cheese-classic-mild-cheddar/p/20971517_EA", "Sub Category": null, "English Name": "Macaroni & Cheese, Classic Mild Cheddar", "Size": "170 g", "Size Label": "ea"}, {"Category": "Easy Prep Meals & Sides", "Aisle": "Natural and Organic Foods", "Sku": "20316187002_EA", "Regular Price": "None", "Sale Price": "3.29", "Image": "https://assets.shop.loblaws.ca/products/20316187002/b1/en/front/20316187002_front_a01_@2.png", "Brand": "Annie's", "Url": "https://www.maxi.ca/pasta-bunny-shape-with-cheese/p/20316187002_EA", "Sub Category": null, "English Name": "Pasta, Bunny Shape With Cheese", "Size": "170 g", "Size Label": "ea"}, {"Category": "Easy Prep Meals & Sides", "Aisle": "Natural and Organic Foods", "Sku": "21190798_EA", "Regular Price": "None", "Sale Price": "2.00", "Image": "https://assets.shop.loblaws.ca/products/21190798/b1/en/front/21190798_front_a01_@2.png", "Brand": "PC Organics", "Url": "https://www.maxi.ca/organic-chicken-broth/p/21190798_EA", "Sub Category": null, "English Name": "Organic Chicken Broth", "Size": "900 ml", "Size Label": "ea"}, {"Category": "Easy Prep Meals & Sides", "Aisle": "Natural and Organic Foods", "Sku": "21195472_EA", "Regular Price": "None", "Sale Price": "2.00", "Image": "https://assets.shop.loblaws.ca/products/21195472/b1/en/front/21195472_front_a01_@2.png", "Brand": "PC Organics", "Url": "https://www.maxi.ca/vegetable-broth/p/21195472_EA", "Sub Category": null, "English Name": "Vegetable Broth", "Size": "900 ml", "Size Label": "ea"}, {"Category": "Easy Prep Meals & Sides", "Aisle": "Natural and Organic Foods", "Sku": "20420057_EA", "Regular Price": "None", "Sale Price": "3.29", "Image": "https://assets.shop.loblaws.ca/products/20420057/b1/en/front/20420057_front_a01_@2.png", "Brand": "Annie's", "Url": "https://www.maxi.ca/homegrown-macaroni-cheese-rice-pasta-cheddar-glute/p/20420057_EA", "Sub Category": null, "English Name": "Homegrown Macaroni & Cheese, Rice Pasta & Cheddar, Gluten Free, 3 Servings", "Size": "170 g", "Size Label": "ea"}, {"Category": "Easy Prep Meals & Sides", "Aisle": "Natural and Organic Foods", "Sku": "21192309_EA", "Regular Price": "None", "Sale Price": "2.00", "Image": "https://assets.shop.loblaws.ca/products/21192309/b1/en/front/21192309_front_a01_@2.png", "Brand": "PC Organics", "Url": "https://www.maxi.ca/organic-chicken-broth-reduced-sodium/p/21192309_EA", "Sub Category": null, "English Name": "Organic Chicken Broth Reduced Sodium", "Size": "900 ml", "Size Label": "ea"}, {"Category": "Easy Prep Meals & Sides", "Aisle": "Natural and Organic Foods", "Sku": "21006318_EA", "Regular Price": "None", "Sale Price": "4.49", "Image": "https://assets.shop.loblaws.ca/products/21006318/b1/en/front/21006318_front_a01_@2.png", "Brand": "Imagine", "Url": "https://www.maxi.ca/chicken-bone-broth/p/21006318_EA", "Sub Category": null, "English Name": "Chicken Bone Broth", "Size": "1 l", "Size Label": "ea"}, {"Category": "Easy Prep Meals & Sides", "Aisle": "Natural and Organic Foods", "Sku": "20944957_EA", "Regular Price": "None", "Sale Price": "3.29", "Image": "https://assets.shop.loblaws.ca/products/20944957/b1/en/front/20944957_front_a01_@2.png", "Brand": "Annie's", "Url": "https://www.maxi.ca/annie-s-rice-pasta-shells-white-cheddar-cheese/p/20944957_EA", "Sub Category": null, "English Name": "Annie's Rice Pasta Shells & White Cheddar Cheese", "Size": "170 g", "Size Label": "ea"}, {"Category": "Easy Prep Meals & Sides", "Aisle": "Natural and Organic Foods", "Sku": "20305535002_EA", "Regular Price": "5.29", "Sale Price": "4.49", "Image": "https://assets.shop.loblaws.ca/products/20305535002/b1/en/front/20305535002_front_a01_@2.png", "Brand": "Amys", "Url": "https://www.maxi.ca/organic-soup-lentil/p/20305535002_EA", "Sub Category": null, "English Name": "Organic Soup, Lentil", "Size": "398 ml", "Size Label": "ea"}, {"Category": "Easy Prep Meals & Sides", "Aisle": "Natural and Organic Foods", "Sku": "20309666002_EA", "Regular Price": "None", "Sale Price": "3.99", "Image": "https://assets.shop.loblaws.ca/products/20309666002/b1/en/front/20309666002_front_a01_@2.png", "Brand": "Go Bio", "Url": "https://www.maxi.ca/organic-chicken-bouillon-cubes/p/20309666002_EA", "Sub Category": null, "English Name": "Organic Chicken Bouillon Cubes", "Size": "66 g", "Size Label": "ea"}, {"Category": "Easy Prep Meals & Sides", "Aisle": "Natural and Organic Foods", "Sku": "20321614002_EA", "Regular Price": "None", "Sale Price": "4.49", "Image": "https://assets.shop.loblaws.ca/products/20321614002/b1/en/front/20321614002_front_a01_@2.png", "Brand": "Imagine", "Url": "https://www.maxi.ca/organic-low-sodium-broth-beef/p/20321614002_EA", "Sub Category": null, "English Name": "Organic Low Sodium Broth, Beef", "Size": "1 l", "Size Label": "ea"}, {"Category": "Easy Prep Meals & Sides", "Aisle": "Natural and Organic Foods", "Sku": "20312177001_EA", "Regular Price": "None", "Sale Price": "3.99", "Image": "https://assets.shop.loblaws.ca/products/20312177001/b1/en/front/20312177001_front_a01_@2.png", "Brand": "Rizopia", "Url": "https://www.maxi.ca/brown-rice-fusilli/p/20312177001_EA", "Sub Category": null, "English Name": "Brown Rice Fusilli", "Size": "454 g", "Size Label": "ea"}, {"Category": "Easy Prep Meals & Sides", "Aisle": "Natural and Organic Foods", "Sku": "20137753001_EA", "Regular Price": "None", "Sale Price": "5.99", "Image": "https://assets.shop.loblaws.ca/products/20137753001/b1/en/front/20137753001_front_a01_@2.png", "Brand": "Imagine", "Url": "https://www.maxi.ca/organic-soup-creamy-butternut-squash/p/20137753001_EA", "Sub Category": null, "English Name": "Organic Soup, Creamy Butternut Squash", "Size": "1 l", "Size Label": "ea"}, {"Category": "Easy Prep Meals & Sides", "Aisle": "Natural and Organic Foods", "Sku": "20305535004_EA", "Regular Price": "5.29", "Sale Price": "4.49", "Image": "https://assets.shop.loblaws.ca/products/20305535004/b1/en/front/20305535004_front_a01_@2.png", "Brand": "Amys", "Url": "https://www.maxi.ca/organic-soup-split-pea/p/20305535004_EA", "Sub Category": null, "English Name": "Organic Soup, Split Pea", "Size": "398 ml", "Size Label": "ea"}, {"Category": "Easy Prep Meals & Sides", "Aisle": "Natural and Organic Foods", "Sku": "20304808001_EA", "Regular Price": "None", "Sale Price": "3.99", "Image": "https://assets.shop.loblaws.ca/products/20304808001/b1/en/front/20304808001_front_a01_@2.png", "Brand": "Rizopia", "Url": "https://www.maxi.ca/vegetable-rice-fusilli/p/20304808001_EA", "Sub Category": null, "English Name": "Vegetable Rice Fusilli", "Size": "454 g", "Size Label": "ea"}, {"Category": "Easy Prep Meals & Sides", "Aisle": "Natural and Organic Foods", "Sku": "20137753006_EA", "Regular Price": "None", "Sale Price": "5.99", "Image": "https://assets.shop.loblaws.ca/products/20137753006/b1/en/front/20137753006_front_a01_@2.png", "Brand": "Imagine", "Url": "https://www.maxi.ca/organic-low-sodium-soup-creamy-tomato/p/20137753006_EA", "Sub Category": null, "English Name": "Organic Low Sodium Soup, Creamy Tomato", "Size": "1 l", "Size Label": "ea"}, {"Category": "Easy Prep Meals & Sides", "Aisle": "Natural and Organic Foods", "Sku": "20321614001_EA", "Regular Price": "None", "Sale Price": "4.49", "Image": "https://assets.shop.loblaws.ca/products/20321614001/b1/en/front/20321614001_front_a01_@2.png", "Brand": "Imagine", "Url": "https://www.maxi.ca/organic-low-sodium-broth-chicken/p/20321614001_EA", "Sub Category": null, "English Name": "Organic Low Sodium Broth, Chicken", "Size": "1 l", "Size Label": "ea"}, {"Category": "Easy Prep Meals & Sides", "Aisle": "Natural and Organic Foods", "Sku": "20600219_EA", "Regular Price": "None", "Sale Price": "4.49", "Image": "https://assets.shop.loblaws.ca/products/20600219/b1/en/front/20600219_front_a01_@2.png", "Brand": "Amys", "Url": "https://www.maxi.ca/organic-soup-fire-roasted-southwestern-vegetable/p/20600219_EA", "Sub Category": null, "English Name": "Organic Soup, Fire Roasted Southwestern Vegetable", "Size": "398 ml", "Size Label": "ea"}, {"Category": "Easy Prep Meals & Sides", "Aisle": "Natural and Organic Foods", "Sku": "20312177005_EA", "Regular Price": "None", "Sale Price": "3.99", "Image": "https://assets.shop.loblaws.ca/products/20312177005/b1/en/front/20312177005_front_a01_@2.png", "Brand": "Rizopia", "Url": "https://www.maxi.ca/pasta-brown-rice-penne/p/20312177005_EA", "Sub Category": null, "English Name": "Pasta Brown Rice Penne", "Size": "454 g", "Size Label": "ea"}, {"Category": "Easy Prep Meals & Sides", "Aisle": "Natural and Organic Foods", "Sku": "20053927_EA", "Regular Price": "None", "Sale Price": "3.99", "Image": "https://assets.shop.loblaws.ca/products/20053927/b1/en/front/20053927_front_a01_@2.png", "Brand": "Rizopia", "Url": "https://www.maxi.ca/brown-rice-lasagna/p/20053927_EA", "Sub Category": null, "English Name": "Brown Rice Lasagna", "Size": "340 g", "Size Label": "ea"}, {"Category": "Easy Prep Meals & Sides", "Aisle": "Natural and Organic Foods", "Sku": "20321614005_EA", "Regular Price": "None", "Sale Price": "4.49", "Image": "https://assets.shop.loblaws.ca/products/20321614005/b1/en/front/20321614005_front_a01_@2.png", "Brand": "Imagine", "Url": "https://www.maxi.ca/organic-low-sodium-broth-vegetable/p/20321614005_EA", "Sub Category": null, "English Name": "Organic Low Sodium Broth, Vegetable", "Size": "1 l", "Size Label": "ea"}, {"Category": "Easy Prep Meals & Sides", "Aisle": "Natural and Organic Foods", "Sku": "21175723_EA", "Regular Price": "None", "Sale Price": "7.99", "Image": "https://assets.shop.loblaws.ca/products/21175723/b1/en/front/21175723_front_a01_@2.png", "Brand": "Pacific Foods", "Url": "https://www.maxi.ca/organic-creamy-tomato-soup/p/21175723_EA", "Sub Category": null, "English Name": "Organic Creamy Tomato Soup", "Size": "1 l", "Size Label": "ea"}, {"Category": "Easy Prep Meals & Sides", "Aisle": "Natural and Organic Foods", "Sku": "21500533_EA", "Regular Price": "None", "Sale Price": "3.99", "Image": "https://assets.shop.loblaws.ca/products/21500533/b1/en/front/21500533_front_a01_@2.png", "Brand": "Annie's", "Url": "https://www.maxi.ca/vegan-mac-macaroni-sauce-macaroni-cheddar-flavour/p/21500533_EA", "Sub Category": null, "English Name": "Vegan Mac Macaroni & Sauce Macaroni & Cheddar Flavour", "Size": "170 g", "Size Label": "ea"}, {"Category": "Easy Prep Meals & Sides", "Aisle": "Natural and Organic Foods", "Sku": "20312177006_EA", "Regular Price": "None", "Sale Price": "3.99", "Image": "https://assets.shop.loblaws.ca/products/20312177006/b1/en/front/20312177006_front_a01_@2.png", "Brand": "Rizopia", "Url": "https://www.maxi.ca/brown-rice-elbows/p/20312177006_EA", "Sub Category": null, "English Name": "Brown Rice Elbows", "Size": "454 g", "Size Label": "ea"}, {"Category": "Easy Prep Meals & Sides", "Aisle": "Natural and Organic Foods", "Sku": "20309666001_EA", "Regular Price": "None", "Sale Price": "3.99", "Image": "https://assets.shop.loblaws.ca/products/20309666001/b1/en/front/20309666001_front_a01_@2.png", "Brand": "Go Bio", "Url": "https://www.maxi.ca/organic-beef-bouillon-cubes/p/20309666001_EA", "Sub Category": null, "English Name": "Organic Beef Bouillon Cubes", "Size": "66 g", "Size Label": "ea"}, {"Category": "Easy Prep Meals & Sides", "Aisle": "Natural and Organic Foods", "Sku": "20119952_EA", "Regular Price": "None", "Sale Price": "3.99", "Image": "https://assets.shop.loblaws.ca/products/20119952/b1/en/front/20119952_front_a01_@2.png", "Brand": "Go Bio", "Url": "https://www.maxi.ca/organic-vegetable-bouillon-cubes/p/20119952_EA", "Sub Category": null, "English Name": "Organic Vegetable Bouillon Cubes", "Size": "66 g", "Size Label": "ea"}, {"Category": "Easy Prep Meals & Sides", "Aisle": "Natural and Organic Foods", "Sku": "20312177003_EA", "Regular Price": "None", "Sale Price": "3.99", "Image": "https://assets.shop.loblaws.ca/products/20312177003/b1/en/front/20312177003_front_a01_@2.png", "Brand": "Rizopia", "Url": "https://www.maxi.ca/pasta-brown-rice-spagetti/p/20312177003_EA", "Sub Category": null, "English Name": "Pasta Brown Rice Spagetti", "Size": "454 g", "Size Label": "ea"}, {"Category": "Easy Prep Meals & Sides", "Aisle": "Natural and Organic Foods", "Sku": "20599786002_EA", "Regular Price": "None", "Sale Price": "6.79", "Image": "https://assets.shop.loblaws.ca/products/20599786002/b1/en/front/20599786002_front_a01_@2.png", "Brand": "Pacific Foods", "Url": "https://www.maxi.ca/organic-vegetable-broth/p/20599786002_EA", "Sub Category": null, "English Name": "Organic Vegetable Broth", "Size": "1 l", "Size Label": "ea"}, {"Category": "Easy Prep Meals & Sides", "Aisle": "Natural and Organic Foods", "Sku": "21366544_EA", "Regular Price": "None", "Sale Price": "6.79", "Image": "https://assets.shop.loblaws.ca/products/21366544/b1/en/front/21366544_front_a01_@2.png", "Brand": "Pacific Foods", "Url": "https://www.maxi.ca/organic-beef-broth/p/21366544_EA", "Sub Category": null, "English Name": "Organic Beef Broth", "Size": "946 ml", "Size Label": "ea"}, {"Category": "Easy Prep Meals & Sides", "Aisle": "Natural and Organic Foods", "Sku": "20599786001_EA", "Regular Price": "None", "Sale Price": "6.79", "Image": "https://assets.shop.loblaws.ca/products/20599786001/b1/en/front/20599786001_front_a01_@2.png", "Brand": "Pacific Foods", "Url": "https://www.maxi.ca/organic-chicken-broth/p/20599786001_EA", "Sub Category": null, "English Name": "Organic Chicken Broth", "Size": "946 ml", "Size Label": "ea"}, {"Category": "Easy Prep Meals & Sides", "Aisle": "Natural and Organic Foods", "Sku": "20599733002_EA", "Regular Price": "None", "Sale Price": "7.99", "Image": "https://assets.shop.loblaws.ca/products/20599733002/b1/en/front/20599733002_front_a01_@2.png", "Brand": "Pacific Foods", "Url": "https://www.maxi.ca/pacific-organic-roasted-red-pepper-tomato-soup/p/20599733002_EA", "Sub Category": null, "English Name": "Pacific Organic Roasted Red Pepper & Tomato Soup", "Size": "1 l", "Size Label": "ea"}, {"Category": "Easy Prep Meals & Sides", "Aisle": "Natural and Organic Foods", "Sku": "20321187_EA", "Regular Price": "5.29", "Sale Price": "4.49", "Image": "https://assets.shop.loblaws.ca/products/20321187/b1/en/front/20321187_front_a01_@2.png", "Brand": "Amys", "Url": "https://www.maxi.ca/organic-soup-black-bean-vegetable/p/20321187_EA", "Sub Category": null, "English Name": "Organic Soup, Black Bean Vegetable", "Size": "398 ml", "Size Label": "ea"}, {"Category": "Easy Prep Meals & Sides", "Aisle": "Natural and Organic Foods", "Sku": "20669803002_EA", "Regular Price": "None", "Sale Price": "4.00", "Image": "https://assets.shop.loblaws.ca/products/20669803002/b1/en/front/20669803002_front_a01_@2.png", "Brand": "PC Organics", "Url": "https://www.maxi.ca/organic-rotini/p/20669803002_EA", "Sub Category": null, "English Name": "Organic Rotini", "Size": "454 g", "Size Label": "ea"}, {"Category": "Easy Prep Meals & Sides", "Aisle": "Natural and Organic Foods", "Sku": "21366609_EA", "Regular Price": "None", "Sale Price": "9.29", "Image": "https://assets.shop.loblaws.ca/products/21366609/b1/en/front/21366609_front_a01_@2.png", "Brand": "Pacific Foods", "Url": "https://www.maxi.ca/unsalted-chicken-bone-broth/p/21366609_EA", "Sub Category": null, "English Name": "Unsalted Chicken Bone Broth", "Size": "946 ml", "Size Label": "ea"}, {"Category": "Easy Prep Meals & Sides", "Aisle": "Natural and Organic Foods", "Sku": "20669803003_EA", "Regular Price": "None", "Sale Price": "4.00", "Image": "https://assets.shop.loblaws.ca/products/20669803003/b1/en/front/20669803003_front_a01_@2.png", "Brand": "PC Organics", "Url": "https://www.maxi.ca/organic-spaghetti/p/20669803003_EA", "Sub Category": null, "English Name": "Organic Spaghetti", "Size": "454 g", "Size Label": "ea"}, {"Category": "Snacks ", "Aisle": "Natural and Organic Foods", "Sku": "21031316_EA", "Regular Price": "4.99", "Sale Price": "3.79", "Image": "https://assets.shop.loblaws.ca/products/21031316/b1/en/front/21031316_front_a01_@2.png", "Brand": "Que Pasa", "Url": "https://www.maxi.ca/tortilla-chips-salted/p/21031316_EA", "Sub Category": null, "English Name": "Tortilla Chips Salted", "Size": "350 g", "Size Label": "ea"}, {"Category": "Snacks ", "Aisle": "Natural and Organic Foods", "Sku": "20377204001_EA", "Regular Price": "None", "Sale Price": "3.99", "Image": "https://assets.shop.loblaws.ca/products/20377204001/b1/en/front/20377204001_front_a01_@2.png", "Brand": "Sensible Portions", "Url": "https://www.maxi.ca/veggie-straws-original/p/20377204001_EA", "Sub Category": null, "English Name": "Veggie Straws-Original", "Size": "142 g", "Size Label": "ea"}, {"Category": "Snacks ", "Aisle": "Natural and Organic Foods", "Sku": "21291313_EA", "Regular Price": "None", "Sale Price": "2.49", "Image": "https://assets.shop.loblaws.ca/products/21291313/b1/en/front/21291313_front_a01_@2.png", "Brand": "No Name", "Url": "https://www.maxi.ca/popping-corn/p/21291313_EA", "Sub Category": null, "English Name": "Popping Corn", "Size": "1 kg", "Size Label": "ea"}, {"Category": "Snacks ", "Aisle": "Natural and Organic Foods", "Sku": "21380091_EA", "Regular Price": "None", "Sale Price": "3.99", "Image": "https://assets.shop.loblaws.ca/products/21380091/b1/en/front/21380091_front_a01_@2.png", "Brand": "Sensible Portions", "Url": "https://www.maxi.ca/vegetable-and-potato-snack-zesty-ranch/p/21380091_EA", "Sub Category": null, "English Name": "Vegetable And Potato Snack Zesty Ranch", "Size": "120 g", "Size Label": "ea"}, {"Category": "Snacks ", "Aisle": "Natural and Organic Foods", "Sku": "21031315_EA", "Regular Price": "4.99", "Sale Price": "3.79", "Image": "https://assets.shop.loblaws.ca/products/21031315/b1/en/front/21031315_front_a01_@2.png", "Brand": "Que Pasa", "Url": "https://www.maxi.ca/tortilla-chips-blue-corn/p/21031315_EA", "Sub Category": null, "English Name": "Tortilla Chips Blue Corn", "Size": "350 g", "Size Label": "ea"}, {"Category": "Snacks ", "Aisle": "Natural and Organic Foods", "Sku": "21031311_EA", "Regular Price": "4.99", "Sale Price": "3.79", "Image": "https://assets.shop.loblaws.ca/products/21031311/b1/en/front/21031311_front_a01_@2.png", "Brand": "Que Pasa", "Url": "https://www.maxi.ca/unsalted-tortilla-chips/p/21031311_EA", "Sub Category": null, "English Name": "Unsalted Tortilla Chips", "Size": "350 g", "Size Label": "ea"}, {"Category": "Snacks ", "Aisle": "Natural and Organic Foods", "Sku": "20308686_EA", "Regular Price": "None", "Sale Price": "4.99", "Image": "https://assets.shop.loblaws.ca/products/20308686/b1/en/front/20308686_front_a01_@2.png", "Brand": "Orville", "Url": "https://www.maxi.ca/original-gourmet-popping-corn/p/20308686_EA", "Sub Category": null, "English Name": "Original Gourmet Popping Corn", "Size": "850 g", "Size Label": "ea"}, {"Category": "Snacks ", "Aisle": "Natural and Organic Foods", "Sku": "20785418001_EA", "Regular Price": "None", "Sale Price": "4.00", "Image": "https://assets.shop.loblaws.ca/products/20785418001/b1/en/front/20785418001_front_a01_@2.png", "Brand": "SkinnyPop Popcorn", "Url": "https://www.maxi.ca/skinny-pop-popcorn-original/p/20785418001_EA", "Sub Category": null, "English Name": "Skinny Pop Popcorn, Original", "Size": "125 g", "Size Label": "ea"}, {"Category": "Snacks ", "Aisle": "Natural and Organic Foods", "Sku": "20320493001_EA", "Regular Price": "None", "Sale Price": "3.00", "Image": "https://assets.shop.loblaws.ca/products/20320493001/b1/en/front/20320493001_front_a01_@2.png", "Brand": "PC Organics", "Url": "https://www.maxi.ca/organic-apple-sauce-unsweetened-apple/p/20320493001_EA", "Sub Category": null, "English Name": "Organic Apple Sauce Unsweetened Apple", "Size": "6x100.0 ml", "Size Label": "ea"}, {"Category": "Snacks ", "Aisle": "Natural and Organic Foods", "Sku": "20650196_EA", "Regular Price": "None", "Sale Price": "3.99", "Image": "https://assets.shop.loblaws.ca/products/20650196/b1/en/front/20650196_front_a01_@2.png", "Brand": "Sensible Portions", "Url": "https://www.maxi.ca/veggie-chips/p/20650196_EA", "Sub Category": null, "English Name": "Veggie Chips", "Size": "142 g", "Size Label": "ea"}, {"Category": "Snacks ", "Aisle": "Natural and Organic Foods", "Sku": "21357580_EA", "Regular Price": "None", "Sale Price": "3.99", "Image": "https://assets.shop.loblaws.ca/products/21357580/b1/en/front/21357580_front_a01_@2.png", "Brand": "Sensible Portions", "Url": "https://www.maxi.ca/cream-and-onion/p/21357580_EA", "Sub Category": null, "English Name": "Cream and Onion ", "Size": "120 g", "Size Label": "ea"}, {"Category": "Snacks ", "Aisle": "Natural and Organic Foods", "Sku": "21549605_EA", "Regular Price": "None", "Sale Price": "6.49", "Image": "https://assets.shop.loblaws.ca/products/21549605/b1/en/front/21549605_front_a01_@2.png", "Brand": "Nature's Bakery", "Url": "https://www.maxi.ca/fig-bar-raspberry/p/21549605_EA", "Sub Category": null, "English Name": "Fig Bar Raspberry", "Size": "340 g", "Size Label": "ea"}, {"Category": "Snacks ", "Aisle": "Natural and Organic Foods", "Sku": "21520692_EA", "Regular Price": "4.29", "Sale Price": "3.49", "Image": "https://assets.shop.loblaws.ca/products/21520692/b1/en/front/21520692_front_a01_@2.png", "Brand": "Kettle", "Url": "https://www.maxi.ca/potato-chips-honey-dijon/p/21520692_EA", "Sub Category": null, "English Name": "Potato Chips Honey Dijon", "Size": "198 g", "Size Label": "ea"}, {"Category": "Snacks ", "Aisle": "Natural and Organic Foods", "Sku": "21520654_EA", "Regular Price": "4.29", "Sale Price": "3.49", "Image": "https://assets.shop.loblaws.ca/products/21520654/b1/en/front/21520654_front_a01_@2.png", "Brand": "Kettle", "Url": "https://www.maxi.ca/potato-chips-sea-salt-vinegar/p/21520654_EA", "Sub Category": null, "English Name": "Potato Chips Sea Salt & Vinegar", "Size": "198 g", "Size Label": "ea"}, {"Category": "Snacks ", "Aisle": "Natural and Organic Foods", "Sku": "21289044_EA", "Regular Price": "None", "Sale Price": "3.99", "Image": "https://assets.shop.loblaws.ca/products/21289044/b1/en/front/21289044_front_a01_@2.png", "Brand": "Sensible Portions", "Url": "https://www.maxi.ca/cheddar-garden-veg-straws/p/21289044_EA", "Sub Category": null, "English Name": "Cheddar Garden Veg Straws   ", "Size": "120 g", "Size Label": "ea"}, {"Category": "Snacks ", "Aisle": "Natural and Organic Foods", "Sku": "20297429001_EA", "Regular Price": "None", "Sale Price": "3.99", "Image": "https://assets.shop.loblaws.ca/products/20297429001/b1/en/front/20297429001_front_a01_@2.png", "Brand": "Kernels", "Url": "https://www.maxi.ca/popcorn-seasoning-mmm-white-cheddar/p/20297429001_EA", "Sub Category": null, "English Name": "Popcorn Seasoning, Mmm\u2026White Cheddar", "Size": "110 g", "Size Label": "ea"}, {"Category": "Snacks ", "Aisle": "Natural and Organic Foods", "Sku": "20811709_EA", "Regular Price": "None", "Sale Price": "5.29", "Image": "https://assets.shop.loblaws.ca/products/20811709/b1/en/front/20811709_front_a01_@2.png", "Brand": "Angie's", "Url": "https://www.maxi.ca/boomchickapop-sweet-salty-kettle-corn/p/20811709_EA", "Sub Category": null, "English Name": "BoomChickaPop Sweet & Salty Kettle Corn", "Size": "198 g", "Size Label": "ea"}, {"Category": "Snacks ", "Aisle": "Natural and Organic Foods", "Sku": "21370205_EA", "Regular Price": "None", "Sale Price": "4.99", "Image": "https://assets.shop.loblaws.ca/products/21370205/b1/en/front/21370205_front_a01_@2.png", "Brand": "PopCorners", "Url": "https://www.maxi.ca/sweet-salty-kettle-corn-style-flavoured-popped-cor/p/21370205_EA", "Sub Category": null, "English Name": "Sweet & Salty Kettle Corn Style Flavoured Popped-Corn Chips 142g", "Size": "142 g", "Size Label": "ea"}, {"Category": "Snacks ", "Aisle": "Natural and Organic Foods", "Sku": "21187236_C09", "Regular Price": "None", "Sale Price": "12.99", "Image": "https://assets.shop.loblaws.ca/products/21187236/b1/en/front/21187236_front_a01_@2.png", "Brand": "Good to Go", "Url": "https://www.maxi.ca/vanilla-almond-soft-baked-bar/p/21187236_C09", "Sub Category": null, "English Name": "Vanilla Almond Soft Baked Bar", "Size": "9x40.0 g", "Size Label": "ea"}, {"Category": "Snacks ", "Aisle": "Natural and Organic Foods", "Sku": "20960494_EA", "Regular Price": "None", "Sale Price": "5.49", "Image": "https://assets.shop.loblaws.ca/products/20960494/b1/en/front/20960494_front_a01_@2.png", "Brand": "Smart Food", "Url": "https://www.maxi.ca/delight-popcorn-sea-salt/p/20960494_EA", "Sub Category": null, "English Name": "Delight Popcorn, Sea Salt", "Size": "156 g", "Size Label": "ea"}, {"Category": "Snacks ", "Aisle": "Natural and Organic Foods", "Sku": "21481817_EA", "Regular Price": "None", "Sale Price": "5.49", "Image": "https://assets.shop.loblaws.ca/products/21481817/b1/en/front/21481817_front_a01_@2.png", "Brand": "Hardbite", "Url": "https://www.maxi.ca/rugged-handcrafted-style-chips-all-dressed-potato/p/21481817_EA", "Sub Category": null, "English Name": "Rugged Handcrafted-Style Chips All Dressed Potato Chips Level-Up Size", "Size": "275 g", "Size Label": "ea"}, {"Category": "Snacks ", "Aisle": "Natural and Organic Foods", "Sku": "20303133001_EA", "Regular Price": "None", "Sale Price": "2.99", "Image": "https://assets.shop.loblaws.ca/products/20303133001/b1/en/front/20303133001_front_a01_@2.png", "Brand": "Clif", "Url": "https://www.maxi.ca/builders-protein-builder-s-bar-chocolate/p/20303133001_EA", "Sub Category": null, "English Name": "Builders Protein Builder's Bar, Chocolate", "Size": "68 g", "Size Label": "ea"}, {"Category": "Snacks ", "Aisle": "Natural and Organic Foods", "Sku": "20432550002_EA", "Regular Price": "None", "Sale Price": "2.29", "Image": "https://assets.shop.loblaws.ca/products/20432550002/b1/en/front/20432550002_front_a01_@2.png", "Brand": "Kind bar", "Url": "https://www.maxi.ca/gluten-free-fruit-nut-bar-peanut-butter-dark-choco/p/20432550002_EA", "Sub Category": null, "English Name": "Gluten-Free Fruit & Nut Bar, Peanut Butter Dark Chocolate + Protein Single Bar", "Size": "40 g", "Size Label": "ea"}, {"Category": "Snacks ", "Aisle": "Natural and Organic Foods", "Sku": "20151398003_EA", "Regular Price": "None", "Sale Price": "3.99", "Image": "https://assets.shop.loblaws.ca/products/20151398003/b1/en/front/20151398003_front_a01_@2.png", "Brand": "Belsoy", "Url": "https://www.maxi.ca/dark-chocolate-dessert/p/20151398003_EA", "Sub Category": null, "English Name": "Dark Chocolate Dessert", "Size": "4x125.0 g", "Size Label": "ea"}, {"Category": "Snacks ", "Aisle": "Natural and Organic Foods", "Sku": "21189858_EA", "Regular Price": "None", "Sale Price": "3.49", "Image": "https://assets.shop.loblaws.ca/products/21189858/b1/en/front/21189858_front_a01_@2.png", "Brand": "RXBar", "Url": "https://www.maxi.ca/12-g-protein-bar-peanut-butter-chocolate/p/21189858_EA", "Sub Category": null, "English Name": "12 G. Protein Bar Peanut Butter Chocolate", "Size": "52 g", "Size Label": "ea"}, {"Category": "Snacks ", "Aisle": "Natural and Organic Foods", "Sku": "21380078_EA", "Regular Price": "None", "Sale Price": "3.99", "Image": "https://assets.shop.loblaws.ca/products/21380078/b1/en/front/21380078_front_a01_@2.png", "Brand": "Sensible Portions", "Url": "https://www.maxi.ca/vegetable-and-potato-snack-rosemary-olive-oil/p/21380078_EA", "Sub Category": null, "English Name": "Vegetable And Potato Snack Rosemary & Olive Oil ", "Size": "120 g", "Size Label": "ea"}, {"Category": "Snacks ", "Aisle": "Natural and Organic Foods", "Sku": "20130914010_EA", "Regular Price": "None", "Sale Price": "2.99", "Image": "https://assets.shop.loblaws.ca/products/20130914010/b1/en/front/20130914010_front_a01_@2.png", "Brand": "Clif", "Url": "https://www.maxi.ca/crunch-cool-mint-chocolate-energy-bar/p/20130914010_EA", "Sub Category": null, "English Name": "Crunch Cool Mint Chocolate Energy Bar", "Size": "68 g", "Size Label": "ea"}, {"Category": "Snacks ", "Aisle": "Natural and Organic Foods", "Sku": "20781404_EA", "Regular Price": "None", "Sale Price": "2.29", "Image": "https://assets.shop.loblaws.ca/products/20781404/b1/en/front/20781404_front_a01_@2.png", "Brand": "Larabar", "Url": "https://www.maxi.ca/fruit-nut-energy-bar-chocolate-brownie/p/20781404_EA", "Sub Category": null, "English Name": "Fruit & Nut Energy Bar, Chocolate Brownie", "Size": "45 g", "Size Label": "ea"}, {"Category": "Snacks ", "Aisle": "Natural and Organic Foods", "Sku": "20310992_EA", "Regular Price": "None", "Sale Price": "3.99", "Image": "https://assets.shop.loblaws.ca/products/20310992/b1/en/front/20310992_front_a01_@2.png", "Brand": "Kernels", "Url": "https://www.maxi.ca/popcorn-seasoning-krazy-ketchup/p/20310992_EA", "Sub Category": null, "English Name": "Popcorn Seasoning, Krazy Ketchup", "Size": "125 g", "Size Label": "ea"}, {"Category": "Snacks ", "Aisle": "Natural and Organic Foods", "Sku": "21125567_EA", "Regular Price": "None", "Sale Price": "4.00", "Image": "https://assets.shop.loblaws.ca/products/21125567/b1/en/front/21125567_front_a01_@2.png", "Brand": "SkinnyPop Popcorn", "Url": "https://www.maxi.ca/popcorn-sweet-salty-kettle/p/21125567_EA", "Sub Category": null, "English Name": "Popcorn Sweet & Salty Kettle", "Size": "150 g", "Size Label": "ea"}, {"Category": "Snacks ", "Aisle": "Natural and Organic Foods", "Sku": "21520652_EA", "Regular Price": "4.29", "Sale Price": "3.49", "Image": "https://assets.shop.loblaws.ca/products/21520652/b1/en/front/21520652_front_a01_@2.png", "Brand": "Kettle", "Url": "https://www.maxi.ca/potato-chips-sea-salt/p/21520652_EA", "Sub Category": null, "English Name": "Potato Chips Sea Salt", "Size": "198 g", "Size Label": "ea"}, {"Category": "Snacks ", "Aisle": "Natural and Organic Foods", "Sku": "20031362008_EA", "Regular Price": "None", "Sale Price": "2.29", "Image": "https://assets.shop.loblaws.ca/products/20031362008/b1/en/front/20031362008_front_a01_@2.png", "Brand": "Larabar", "Url": "https://www.maxi.ca/fruit-nut-energy-bar-peanut-butter/p/20031362008_EA", "Sub Category": null, "English Name": "Fruit & Nut Energy Bar, Peanut Butter ", "Size": "48 g", "Size Label": "ea"}, {"Category": "Snacks ", "Aisle": "Natural and Organic Foods", "Sku": "21404543_EA", "Regular Price": "None", "Sale Price": "5.49", "Image": "https://assets.shop.loblaws.ca/products/21404543/b1/en/front/21404543_front_a01_@2.png", "Brand": "Neal Brothers Foods", "Url": "https://www.maxi.ca/organic-original-corn-chips/p/21404543_EA", "Sub Category": null, "English Name": "Organic Original Corn Chips", "Size": "276 g", "Size Label": "ea"}, {"Category": "Snacks ", "Aisle": "Natural and Organic Foods", "Sku": "20370855002_EA", "Regular Price": "None", "Sale Price": "4.79", "Image": "https://assets.shop.loblaws.ca/products/20370855002/b1/en/front/20370855002_front_a01_@2.png", "Brand": "Hardbite", "Url": "https://www.maxi.ca/handcrafted-style-chips-rock-salt-vinegar/p/20370855002_EA", "Sub Category": null, "English Name": "Handcrafted-Style Chips, Rock Salt & Vinegar", "Size": "150 g", "Size Label": "ea"}, {"Category": "Snacks ", "Aisle": "Natural and Organic Foods", "Sku": "21187236_EA", "Regular Price": "2.49", "Sale Price": "2.00", "Image": "https://assets.shop.loblaws.ca/products/21187236/b1/en/front/21187236_front_a01_@2.png", "Brand": "Good to Go", "Url": "https://www.maxi.ca/vanilla-almond-soft-baked-bar/p/21187236_EA", "Sub Category": null, "English Name": "Vanilla Almond Soft Baked Bar", "Size": "40 g", "Size Label": "ea"}, {"Category": "Snacks ", "Aisle": "Natural and Organic Foods", "Sku": "21435918_EA", "Regular Price": "None", "Sale Price": "5.29", "Image": "https://assets.shop.loblaws.ca/products/21435918/b1/en/front/21435918_front_a01_@2.png", "Brand": "Sensible Portions", "Url": "https://www.maxi.ca/garden-veggie-puffs-sour-cream-onion/p/21435918_EA", "Sub Category": null, "English Name": "Garden Veggie Puffs Sour Cream & Onion", "Size": "106 g", "Size Label": "ea"}, {"Category": "Snacks ", "Aisle": "Natural and Organic Foods", "Sku": "20031362001_C16", "Regular Price": "None", "Sale Price": "22.99", "Image": "https://assets.shop.loblaws.ca/products/20031362001/b1/en/front/20031362001_front_a01_@2.png", "Brand": "Larabar", "Url": "https://www.maxi.ca/fruit-nut-energy-bar-apple-16-pack/p/20031362001_C16", "Sub Category": null, "English Name": "Fruit & Nut Energy Bar, Apple, 16/pack", "Size": "16x45.0 g", "Size Label": "c16"}, {"Category": "Snacks ", "Aisle": "Natural and Organic Foods", "Sku": "21551366_EA", "Regular Price": "None", "Sale Price": "6.99", "Image": "https://assets.shop.loblaws.ca/products/21551366/b1/en/front/21551366_front_a01_@2.png", "Brand": "Neal Brothers Foods", "Url": "https://www.maxi.ca/tortillas-organic-nacho-cheese/p/21551366_EA", "Sub Category": null, "English Name": "Tortillas Organic Nacho Cheese", "Size": "255 g", "Size Label": "ea"}, {"Category": "Snacks ", "Aisle": "Natural and Organic Foods", "Sku": "21219837_C09", "Regular Price": "None", "Sale Price": "12.99", "Image": "https://assets.shop.loblaws.ca/products/21219837/b1/en/front/21219837_front_a01_@2.png", "Brand": "Good to Go", "Url": "https://www.maxi.ca/double-chocolate-soft-baked-bar-9-pack/p/21219837_C09", "Sub Category": null, "English Name": "Double Chocolate Soft Baked Bar, 9-Pack", "Size": "9x40.0 g", "Size Label": "ea"}, {"Category": "Snacks ", "Aisle": "Natural and Organic Foods", "Sku": "20031362002_C16", "Regular Price": "None", "Sale Price": "22.99", "Image": "https://assets.shop.loblaws.ca/products/20031362002/b1/en/front/20031362002_front_a01_@2.png", "Brand": "Larabar", "Url": "https://www.maxi.ca/fruit-nut-energy-bar-cashew-16-pack/p/20031362002_C16", "Sub Category": null, "English Name": "Fruit & Nut Energy Bar, Cashew, 16/pack", "Size": "16x48.0 g", "Size Label": "pack of 16"}, {"Category": "Snacks ", "Aisle": "Natural and Organic Foods", "Sku": "20432550003_EA", "Regular Price": "None", "Sale Price": "2.29", "Image": "https://assets.shop.loblaws.ca/products/20432550003/b1/en/front/20432550003_front_a01_@2.png", "Brand": "Kind bar", "Url": "https://www.maxi.ca/dark-chocolate-cherry-cashew-bar-single-bar/p/20432550003_EA", "Sub Category": null, "English Name": "Dark Chocolate Cherry Cashew Bar Single Bar", "Size": "40 g", "Size Label": "ea"}, {"Category": "Snacks ", "Aisle": "Natural and Organic Foods", "Sku": "21518333_EA", "Regular Price": "None", "Sale Price": "4.99", "Image": "https://assets.shop.loblaws.ca/products/21518333/b1/en/front/21518333_front_a01_@2.png", "Brand": "Kind", "Url": "https://www.maxi.ca/breakfast-bars-peanut-butter/p/21518333_EA", "Sub Category": null, "English Name": "Breakfast Bars Peanut Butter", "Size": "50 g", "Size Label": "ea"}, {"Category": "Snacks ", "Aisle": "Natural and Organic Foods", "Sku": "20031362002_EA", "Regular Price": "None", "Sale Price": "2.29", "Image": "https://assets.shop.loblaws.ca/products/20031362002/b1/en/front/20031362002_front_a01_@2.png", "Brand": "Larabar", "Url": "https://www.maxi.ca/fruit-nut-energy-bar-cashew/p/20031362002_EA", "Sub Category": null, "English Name": "Fruit & Nut Energy Bar, Cashew ", "Size": "48 g", "Size Label": "ea"}, {"Category": "Snacks ", "Aisle": "Natural and Organic Foods", "Sku": "21355829_EA", "Regular Price": "None", "Sale Price": "8.49", "Image": "https://assets.shop.loblaws.ca/products/21355829/b1/en/front/21355829_front_a01_@2.png", "Brand": "Skinny Pop", "Url": "https://www.maxi.ca/microwave-seasalt-popcorn/p/21355829_EA", "Sub Category": null, "English Name": "Microwave Seasalt Popcorn", "Size": "476 g", "Size Label": "ea"}, {"Category": "Snacks ", "Aisle": "Natural and Organic Foods", "Sku": "20031362009_EA", "Regular Price": "None", "Sale Price": "2.29", "Image": "https://assets.shop.loblaws.ca/products/20031362009/b1/en/front/20031362009_front_a01_@2.png", "Brand": "Larabar", "Url": "https://www.maxi.ca/fruit-nut-energy-bar-chocolate-chip/p/20031362009_EA", "Sub Category": null, "English Name": "Fruit & Nut Energy Bar, Chocolate Chip ", "Size": "48 g", "Size Label": "ea"}, {"Category": "Snacks ", "Aisle": "Natural and Organic Foods", "Sku": "21550352_EA", "Regular Price": "None", "Sale Price": "6.49", "Image": "https://assets.shop.loblaws.ca/products/21550352/b1/en/front/21550352_front_a01_@2.png", "Brand": "Nature's Bakery", "Url": "https://www.maxi.ca/fig-bar-original-fig/p/21550352_EA", "Sub Category": null, "English Name": "Fig Bar Original Fig", "Size": "340 g", "Size Label": "ea"}, {"Category": "Snacks ", "Aisle": "Natural and Organic Foods", "Sku": "20130914011_EA", "Regular Price": "None", "Sale Price": "2.99", "Image": "https://assets.shop.loblaws.ca/products/20130914011/b1/en/front/20130914011_front_a01_@2.png", "Brand": "Clif", "Url": "https://www.maxi.ca/crunch-chocolate-brownie-energy-bar/p/20130914011_EA", "Sub Category": null, "English Name": "Crunch Chocolate Brownie Energy Bar", "Size": "68 g", "Size Label": "ea"}, {"Category": "Snacks ", "Aisle": "Natural and Organic Foods", "Sku": "21285812_EA", "Regular Price": "None", "Sale Price": "9.99", "Image": "https://assets.shop.loblaws.ca/products/21285812/b1/en/front/21285812_front_a01_@2.png", "Brand": "Kind", "Url": "https://www.maxi.ca/nut-bars-peanut-butter-dark-chocolate/p/21285812_EA", "Sub Category": null, "English Name": "Nut Bars, Peanut Butter Dark Chocolate", "Size": "40 g", "Size Label": "ea"}, {"Category": "Snacks ", "Aisle": "Natural and Organic Foods", "Sku": "21189855_EA", "Regular Price": "None", "Sale Price": "3.49", "Image": "https://assets.shop.loblaws.ca/products/21189855/b1/en/front/21189855_front_a01_@2.png", "Brand": "RXBar", "Url": "https://www.maxi.ca/chocolate-sea-salt-bar/p/21189855_EA", "Sub Category": null, "English Name": "Chocolate Sea Salt Bar", "Size": "52 g", "Size Label": "ea"}, {"Category": "Snacks ", "Aisle": "Natural and Organic Foods", "Sku": "20706230001_EA", "Regular Price": "None", "Sale Price": "13.99", "Image": "https://assets.shop.loblaws.ca/products/20706230001/b1/en/front/20706230001_front_a01_@2.png", "Brand": "Clif", "Url": "https://www.maxi.ca/builders-protein-builder-s-bar-chocolate-peanut-bu/p/20706230001_EA", "Sub Category": null, "English Name": "Builders Protein Builder's Bar, Chocolate Peanut Butter", "Size": "410 g", "Size Label": "ea"}, {"Category": "Snacks ", "Aisle": "Natural and Organic Foods", "Sku": "20991017_EA", "Regular Price": "None", "Sale Price": "5.49", "Image": "https://assets.shop.loblaws.ca/products/20991017/b1/en/front/20991017_front_a01_@2.png", "Brand": "Tostitos", "Url": "https://www.maxi.ca/simply-blue-corn-tortilla-chips/p/20991017_EA", "Sub Category": null, "English Name": "Simply Blue Corn Tortilla Chips", "Size": "240 g", "Size Label": "ea"}, {"Category": "Snacks ", "Aisle": "Natural and Organic Foods", "Sku": "21370259_EA", "Regular Price": "None", "Sale Price": "4.99", "Image": "https://assets.shop.loblaws.ca/products/21370259/b1/en/front/21370259_front_a01_@2.png", "Brand": "PopCorners", "Url": "https://www.maxi.ca/white-cheddar-flavoured-popped-corn-chips/p/21370259_EA", "Sub Category": null, "English Name": "White Cheddar Flavoured Popped-Corn Chips", "Size": "142 g", "Size Label": "ea"}, {"Category": "Snacks ", "Aisle": "Natural and Organic Foods", "Sku": "21542250_EA", "Regular Price": "None", "Sale Price": "16.49", "Image": "https://assets.shop.loblaws.ca/products/21542250/b1/en/front/21542250_front_a01_@2.png", "Brand": "Organika", "Url": "https://www.maxi.ca/f-v-milk-chocolate-peanut-butter-cups/p/21542250_EA", "Sub Category": null, "English Name": "F\u00e4v Milk Chocolate Peanut Butter Cups", "Size": "176 g", "Size Label": "ea"}, {"Category": "Snacks ", "Aisle": "Natural and Organic Foods", "Sku": "21535581_EA", "Regular Price": "None", "Sale Price": "4.79", "Image": "https://assets.shop.loblaws.ca/products/21535581/b1/en/front/21535581_front_a01_@2.png", "Brand": "The Good Crisp Company", "Url": "https://www.maxi.ca/potato-crisps-original/p/21535581_EA", "Sub Category": null, "English Name": "Potato Crisps Original", "Size": "160 g", "Size Label": "ea"}, {"Category": "Snacks ", "Aisle": "Natural and Organic Foods", "Sku": "21380093_EA", "Regular Price": "None", "Sale Price": "5.29", "Image": "https://assets.shop.loblaws.ca/products/21380093/b1/en/front/21380093_front_a01_@2.png", "Brand": "Sensible Portions", "Url": "https://www.maxi.ca/baked-corn-puffs-white-cheddar-flavour/p/21380093_EA", "Sub Category": null, "English Name": "Baked Corn Puffs White Cheddar Flavour ", "Size": "106 g", "Size Label": "ea"}, {"Category": "Snacks ", "Aisle": "Natural and Organic Foods", "Sku": "21520658_EA", "Regular Price": "4.29", "Sale Price": "3.49", "Image": "https://assets.shop.loblaws.ca/products/21520658/b1/en/front/21520658_front_a01_@2.png", "Brand": "Kettle", "Url": "https://www.maxi.ca/potato-chips-backyard-barbeque/p/21520658_EA", "Sub Category": null, "English Name": "Potato Chips Backyard Barbeque", "Size": "198 g", "Size Label": "ea"}, {"Category": "Snacks ", "Aisle": "Natural and Organic Foods", "Sku": "20130914003_EA", "Regular Price": "None", "Sale Price": "2.99", "Image": "https://assets.shop.loblaws.ca/products/20130914003/b1/en/front/20130914003_front_a01_@2.png", "Brand": "Clif", "Url": "https://www.maxi.ca/crunch-chocolate-chip-energy-bar/p/20130914003_EA", "Sub Category": null, "English Name": "Crunch Chocolate Chip Energy Bar", "Size": "68 g", "Size Label": "ea"}, {"Category": "Snacks ", "Aisle": "Natural and Organic Foods", "Sku": "20031362001_EA", "Regular Price": "None", "Sale Price": "2.29", "Image": "https://assets.shop.loblaws.ca/products/20031362001/b1/en/front/20031362001_front_a01_@2.png", "Brand": "Larabar", "Url": "https://www.maxi.ca/fruit-nut-energy-bar-apple/p/20031362001_EA", "Sub Category": null, "English Name": "Fruit & Nut Energy Bar, Apple", "Size": "45 g", "Size Label": "ea"}, {"Category": "Snacks ", "Aisle": "Natural and Organic Foods", "Sku": "21012470003_EA", "Regular Price": "2.79", "Sale Price": "2.50", "Image": "https://assets.shop.loblaws.ca/products/21012470003/b1/en/front/21012470003_front_a01_@2.png", "Brand": "Clif", "Url": "https://www.maxi.ca/nut-butter-filled-organic-choc-peanut/p/21012470003_EA", "Sub Category": null, "English Name": "Nut Butter Filled Organic Choc Peanut", "Size": "50 g", "Size Label": "ea"}, {"Category": "Snacks ", "Aisle": "Natural and Organic Foods", "Sku": "21388491_EA", "Regular Price": "None", "Sale Price": "3.29", "Image": "https://assets.shop.loblaws.ca/products/21388491/b1/en/front/21388491_front_a01_@2.png", "Brand": "Simply Protein", "Url": "https://www.maxi.ca/dark-choco-almond/p/21388491_EA", "Sub Category": null, "English Name": "Dark Choco Almond", "Size": "40 g", "Size Label": "ea"}, {"Category": "Snacks ", "Aisle": "Natural and Organic Foods", "Sku": "21164081_EA", "Regular Price": "None", "Sale Price": "2.99", "Image": "https://assets.shop.loblaws.ca/products/21164081/b1/en/front/21164081_front_a01_@2.png", "Brand": "Clif", "Url": "https://www.maxi.ca/peanut-butter-banana-with-dark-chocolate-energy-ba/p/21164081_EA", "Sub Category": null, "English Name": "Peanut Butter Banana with Dark Chocolate Energy Bar", "Size": "68 g", "Size Label": "ea"}, {"Category": "Snacks ", "Aisle": "Natural and Organic Foods", "Sku": "20770751_EA", "Regular Price": "None", "Sale Price": "5.29", "Image": "https://assets.shop.loblaws.ca/products/20770751/b1/en/front/20770751_front_a01_@2.png", "Brand": "Angie's", "Url": "https://www.maxi.ca/boomchickapop-sea-salt/p/20770751_EA", "Sub Category": null, "English Name": "Boomchickapop, Sea Salt", "Size": "136 g", "Size Label": "ea"}, {"Category": "Snacks ", "Aisle": "Natural and Organic Foods", "Sku": "21425843_EA", "Regular Price": "None", "Sale Price": "2.29", "Image": "https://assets.shop.loblaws.ca/products/21425843/b1/en/front/21425843_front_a01_@2.png", "Brand": "Larabar", "Url": "https://www.maxi.ca/gluten-free-bar-lemon/p/21425843_EA", "Sub Category": null, "English Name": "Gluten Free Bar, Lemon", "Size": "45 g", "Size Label": "ea"}, {"Category": "Snacks ", "Aisle": "Natural and Organic Foods", "Sku": "20990644_EA", "Regular Price": "None", "Sale Price": "5.49", "Image": "https://assets.shop.loblaws.ca/products/20990644/b1/en/front/20990644_front_a01_@2.png", "Brand": "Tostitos", "Url": "https://www.maxi.ca/simply-yellow-corn-tortilla-chips-240g/p/20990644_EA", "Sub Category": null, "English Name": "Simply Yellow Corn Tortilla Chips 240g", "Size": "240 g", "Size Label": "ea"}, {"Category": "Snacks ", "Aisle": "Natural and Organic Foods", "Sku": "21425888_EA", "Regular Price": "29.49", "Sale Price": "23.99", "Image": "https://assets.shop.loblaws.ca/products/21425888/b1/en/front/21425888_front_a01_@2.png", "Brand": "Clif", "Url": "https://www.maxi.ca/white-chocolate-macadamia-16-count/p/21425888_EA", "Sub Category": null, "English Name": "White Chocolate Macadamia, 16 count", "Size": "1.3 kg", "Size Label": "ea"}, {"Category": "Snacks ", "Aisle": "Natural and Organic Foods", "Sku": "21358684_EA", "Regular Price": "None", "Sale Price": "4.29", "Image": "https://assets.shop.loblaws.ca/products/21358684/b1/en/front/21358684_front_a01_@2.png", "Brand": "PC Organics", "Url": "https://www.maxi.ca/organic-plant-based-cheddar-baked-corn-puffs/p/21358684_EA", "Sub Category": null, "English Name": "Organic Plant Based Cheddar Baked Corn Puffs", "Size": "142 g", "Size Label": "ea"}, {"Category": "Snacks ", "Aisle": "Natural and Organic Foods", "Sku": "21387605_EA", "Regular Price": "None", "Sale Price": "13.49", "Image": "https://assets.shop.loblaws.ca/products/21387605/b1/en/front/21387605_front_a01_@2.png", "Brand": "Clif", "Url": "https://www.maxi.ca/peanut-butter-mini-crunchy-bar/p/21387605_EA", "Sub Category": null, "English Name": "Peanut Butter Mini Crunchy Bar", "Size": "281 g", "Size Label": "ea"}, {"Category": "Snacks ", "Aisle": "Natural and Organic Foods", "Sku": "21387586_EA", "Regular Price": "None", "Sale Price": "13.49", "Image": "https://assets.shop.loblaws.ca/products/21387586/b1/en/front/21387586_front_a01_@2.png", "Brand": "Clif", "Url": "https://www.maxi.ca/mini-choclate-chip/p/21387586_EA", "Sub Category": null, "English Name": "Mini Choclate Chip", "Size": "281 g", "Size Label": "ea"}, {"Category": "Snacks ", "Aisle": "Natural and Organic Foods", "Sku": "21524236_EA", "Regular Price": "None", "Sale Price": "4.49", "Image": "https://assets.shop.loblaws.ca/products/21524236/b1/en/front/21524236_front_a01_@2.png", "Brand": "Humble", "Url": "https://www.maxi.ca/creamy-dill-organic/p/21524236_EA", "Sub Category": null, "English Name": "Creamy Dill Organic", "Size": "135 g", "Size Label": "ea"}, {"Category": "Snacks ", "Aisle": "Natural and Organic Foods", "Sku": "21242472_EA", "Regular Price": "None", "Sale Price": "6.99", "Image": "https://assets.shop.loblaws.ca/products/21242472/b1/en/front/21242472_front_a01_@2.png", "Brand": "Schar", "Url": "https://www.maxi.ca/gluten-free-crackers/p/21242472_EA", "Sub Category": null, "English Name": "Gluten Free Crackers    ", "Size": "210 g", "Size Label": "ea"}, {"Category": "Snacks ", "Aisle": "Natural and Organic Foods", "Sku": "21475589_EA", "Regular Price": "None", "Sale Price": "4.49", "Image": "https://assets.shop.loblaws.ca/products/21475589/b1/en/front/21475589_front_a01_@2.png", "Brand": "GoGo Quinoa", "Url": "https://www.maxi.ca/gogo-puffs-quinoa-puffs-snacks-dill-pickle/p/21475589_EA", "Sub Category": null, "English Name": "Gogo Puffs Quinoa Puffs Snacks Dill Pickle", "Size": "113 g", "Size Label": "ea"}, {"Category": "Snacks ", "Aisle": "Natural and Organic Foods", "Sku": "20312621_EA", "Regular Price": "None", "Sale Price": "2.99", "Image": "https://assets.shop.loblaws.ca/products/20312621/b1/en/front/20312621_front_a01_@2.png", "Brand": "Clif", "Url": "https://www.maxi.ca/crunchy-peanut-butter-energy-bar/p/20312621_EA", "Sub Category": null, "English Name": "Crunchy Peanut Butter Energy Bar", "Size": "68 g", "Size Label": "ea"}, {"Category": "Snacks ", "Aisle": "Natural and Organic Foods", "Sku": "20772008_EA", "Regular Price": "None", "Sale Price": "5.79", "Image": "https://assets.shop.loblaws.ca/products/20772008/b1/en/front/20772008_front_a01_@2.png", "Brand": "Terra", "Url": "https://www.maxi.ca/krinkle-cut-sweet-potato-chips-sea-salt/p/20772008_EA", "Sub Category": null, "English Name": "Krinkle Cut Sweet Potato Chips, Sea Salt", "Size": "165 g", "Size Label": "ea"}, {"Category": "Snacks ", "Aisle": "Natural and Organic Foods", "Sku": "20784073_EA", "Regular Price": "None", "Sale Price": "2.29", "Image": "https://assets.shop.loblaws.ca/products/20784073/b1/en/front/20784073_front_a01_@2.png", "Brand": "Kind bar", "Url": "https://www.maxi.ca/dark-chocolate-with-sea-salt-bar/p/20784073_EA", "Sub Category": null, "English Name": "Dark Chocolate with Sea Salt Bar", "Size": "40 g", "Size Label": "ea"}, {"Category": "Snacks ", "Aisle": "Natural and Organic Foods", "Sku": "20866784001_EA", "Regular Price": "None", "Sale Price": "2.29", "Image": "https://assets.shop.loblaws.ca/products/20866784001/b1/en/front/20866784001_front_a01_@2.png", "Brand": "Kind bar", "Url": "https://www.maxi.ca/nuts-spices-bar-caramel-almond-sea-salt-each/p/20866784001_EA", "Sub Category": null, "English Name": "Nuts & Spices Bar, Caramel Almond & Sea Salt Each", "Size": "40 g", "Size Label": "ea"}, {"Category": "Snacks ", "Aisle": "Natural and Organic Foods", "Sku": "21533054_EA", "Regular Price": "None", "Sale Price": "5.49", "Image": "https://assets.shop.loblaws.ca/products/21533054/b1/en/front/21533054_front_a01_@2.png", "Brand": "Neal Brothers Foods", "Url": "https://www.maxi.ca/tortillas-deep-blue-flax-organic/p/21533054_EA", "Sub Category": null, "English Name": "Tortillas Deep Blue + Flax Organic", "Size": "300 g", "Size Label": "ea"}, {"Category": "Snacks ", "Aisle": "Natural and Organic Foods", "Sku": "20140411001_EA", "Regular Price": "None", "Sale Price": "5.79", "Image": "https://assets.shop.loblaws.ca/products/20140411001/b1/en/front/20140411001_front_a01_@2.png", "Brand": "Terra", "Url": "https://www.maxi.ca/exotic-vegetables-chips/p/20140411001_EA", "Sub Category": null, "English Name": "Exotic Vegetables Chips", "Size": "170 g", "Size Label": "ea"}, {"Category": "Snacks ", "Aisle": "Natural and Organic Foods", "Sku": "21157616_EA", "Regular Price": "None", "Sale Price": "4.79", "Image": "https://assets.shop.loblaws.ca/products/21157616/b1/en/front/21157616_front_a01_@2.png", "Brand": "Hardbite", "Url": "https://www.maxi.ca/handcrafted-style-chips-black-sea-salt/p/21157616_EA", "Sub Category": null, "English Name": "Handcrafted-Style Chips, Black Sea Salt", "Size": "128 g", "Size Label": "ea"}, {"Category": "Snacks ", "Aisle": "Natural and Organic Foods", "Sku": "21465364_EA", "Regular Price": "None", "Sale Price": "2.49", "Image": "https://assets.shop.loblaws.ca/products/21465364/b1/en/front/21465364_front_a01_@2.png", "Brand": "The GFB", "Url": "https://www.maxi.ca/coconut-and-cashew-bites/p/21465364_EA", "Sub Category": null, "English Name": "Coconut and Cashew Bites", "Size": "24 g", "Size Label": "ea"}, {"Category": "Snacks ", "Aisle": "Natural and Organic Foods", "Sku": "21205434_EA", "Regular Price": "None", "Sale Price": "5.49", "Image": "https://assets.shop.loblaws.ca/products/21205434/b1/en/front/21205434_front_a01_@2.png", "Brand": "Cheetos", "Url": "https://www.maxi.ca/simply-puffs-white-cheddar-cheese-flavoured-snacks/p/21205434_EA", "Sub Category": null, "English Name": "Simply Puffs White Cheddar Cheese flavoured snacks 227g", "Size": "227 g", "Size Label": "ea"}, {"Category": "Snacks ", "Aisle": "Natural and Organic Foods", "Sku": "21425865_EA", "Regular Price": "None", "Sale Price": "28.99", "Image": "https://assets.shop.loblaws.ca/products/21425865/b1/en/front/21425865_front_a01_@2.png", "Brand": "Clif", "Url": "https://www.maxi.ca/chocolate-brownie-energy-bars/p/21425865_EA", "Sub Category": null, "English Name": "Chocolate Brownie Energy Bars", "Size": "68 g", "Size Label": "ea"}, {"Category": "Snacks ", "Aisle": "Natural and Organic Foods", "Sku": "21356894_EA", "Regular Price": "29.49", "Sale Price": "23.99", "Image": "https://assets.shop.loblaws.ca/products/21356894/b1/en/front/21356894_front_a01_@2.png", "Brand": "Clif", "Url": "https://www.maxi.ca/energy-bar-crunchy-peanut-butter-16-count/p/21356894_EA", "Sub Category": null, "English Name": "Energy Bar, Crunchy Peanut Butter (16 Count)", "Size": "1088 g", "Size Label": "ea"}, {"Category": "Snacks ", "Aisle": "Natural and Organic Foods", "Sku": "21487199_EA", "Regular Price": "None", "Sale Price": "4.49", "Image": "https://assets.shop.loblaws.ca/products/21487199/b1/en/front/21487199_front_a01_@2.png", "Brand": "GoGo Quinoa", "Url": "https://www.maxi.ca/crunchy-cookies-chocolate-chips/p/21487199_EA", "Sub Category": null, "English Name": "Crunchy Cookies Chocolate Chips", "Size": "165 g", "Size Label": "ea"}, {"Category": "Snacks ", "Aisle": "Natural and Organic Foods", "Sku": "21524168_EA", "Regular Price": "None", "Sale Price": "4.49", "Image": "https://assets.shop.loblaws.ca/products/21524168/b1/en/front/21524168_front_a01_@2.png", "Brand": "Humble", "Url": "https://www.maxi.ca/smokey-bbq-organic/p/21524168_EA", "Sub Category": null, "English Name": "Smokey Bbq Organic", "Size": "135 g", "Size Label": "ea"}, {"Category": "Snacks ", "Aisle": "Natural and Organic Foods", "Sku": "21540086_EA", "Regular Price": "None", "Sale Price": "4.79", "Image": "https://assets.shop.loblaws.ca/products/21540086/b1/en/front/21540086_front_a01_@2.png", "Brand": "The Good Crisp Company", "Url": "https://www.maxi.ca/potato-crisps-salt-vinegar-flavour/p/21540086_EA", "Sub Category": null, "English Name": "Potato Crisps Salt & Vinegar Flavour", "Size": "160 g", "Size Label": "ea"}, {"Category": "Snacks ", "Aisle": "Natural and Organic Foods", "Sku": "21381128_EA", "Regular Price": "None", "Sale Price": "6.99", "Image": "https://assets.shop.loblaws.ca/products/21381128/b1/en/front/21381128_front_a01_@2.png", "Brand": "Schar", "Url": "https://www.maxi.ca/breadsticks-gluten-free/p/21381128_EA", "Sub Category": null, "English Name": "Breadsticks Gluten Free", "Size": "150 g", "Size Label": "ea"}, {"Category": "Snacks ", "Aisle": "Natural and Organic Foods", "Sku": "20031362007_C16", "Regular Price": "None", "Sale Price": "22.99", "Image": "https://assets.shop.loblaws.ca/products/20031362007/b1/en/front/20031362007_front_a01_@2.png", "Brand": "Larabar", "Url": "https://www.maxi.ca/fruit-nut-energy-bar-peanut-butter-chocolate-chip/p/20031362007_C16", "Sub Category": null, "English Name": "Fruit & Nut Energy Bar, Peanut Butter Chocolate Chip, 16/pack", "Size": "16x45.0 g", "Size Label": "pack of 16"}, {"Category": "Snacks ", "Aisle": "Natural and Organic Foods", "Sku": "20130914004_EA", "Regular Price": "None", "Sale Price": "2.99", "Image": "https://assets.shop.loblaws.ca/products/20130914004/b1/en/front/20130914004_front_a01_@2.png", "Brand": "Clif", "Url": "https://www.maxi.ca/crunch-chocolate-almond-fudge-energy-bar/p/20130914004_EA", "Sub Category": null, "English Name": "Crunch Chocolate Almond Fudge Energy Bar", "Size": "68 g", "Size Label": "ea"}, {"Category": "Snacks ", "Aisle": "Natural and Organic Foods", "Sku": "21339564_EA", "Regular Price": "None", "Sale Price": "3.79", "Image": "https://assets.shop.loblaws.ca/products/21339564/b1/en/front/21339564_front_a01_@2.png", "Brand": "Nature's Path", "Url": "https://www.maxi.ca/organic-mild-salsa/p/21339564_EA", "Sub Category": null, "English Name": "Organic Mild Salsa", "Size": "420 ml", "Size Label": "ea"}, {"Category": "Snacks ", "Aisle": "Natural and Organic Foods", "Sku": "21520661_EA", "Regular Price": "4.29", "Sale Price": "3.49", "Image": "https://assets.shop.loblaws.ca/products/21520661/b1/en/front/21520661_front_a01_@2.png", "Brand": "Kettle", "Url": "https://www.maxi.ca/krinkle-cut-potato-chips-salt-fresh-ground-pepper/p/21520661_EA", "Sub Category": null, "English Name": "Krinkle Cut Potato Chips Salt & Fresh Ground Pepper", "Size": "198 g", "Size Label": "ea"}, {"Category": "Snacks ", "Aisle": "Natural and Organic Foods", "Sku": "20031362008_C16", "Regular Price": "None", "Sale Price": "22.99", "Image": "https://assets.shop.loblaws.ca/products/20031362008/b1/en/front/20031362008_front_a01_@2.png", "Brand": "Larabar", "Url": "https://www.maxi.ca/fruit-nut-energy-bar-peanut-butter-16-pack/p/20031362008_C16", "Sub Category": null, "English Name": "Fruit & Nut Energy Bar, Peanut Butter, 16/pack", "Size": "16x48.0 g", "Size Label": "pack of 16"}, {"Category": "Snacks ", "Aisle": "Natural and Organic Foods", "Sku": "21370367_EA", "Regular Price": "None", "Sale Price": "4.99", "Image": "https://assets.shop.loblaws.ca/products/21370367/b1/en/front/21370367_front_a01_@2.png", "Brand": "PopCorners", "Url": "https://www.maxi.ca/sea-salt-popped-corn-chips-142g/p/21370367_EA", "Sub Category": null, "English Name": "Sea Salt Popped-Corn Chips 142g", "Size": "142 g", "Size Label": "ea"}, {"Category": "Snacks ", "Aisle": "Natural and Organic Foods", "Sku": "21524163_EA", "Regular Price": "None", "Sale Price": "4.99", "Image": "https://assets.shop.loblaws.ca/products/21524163/b1/en/front/21524163_front_a01_@2.png", "Brand": "PopCorners", "Url": "https://www.maxi.ca/flavoured-popped-corn-chips-sweet-chili/p/21524163_EA", "Sub Category": null, "English Name": "Flavoured Popped-Corn Chips Sweet Chili", "Size": "142 g", "Size Label": "ea"}, {"Category": "Snacks ", "Aisle": "Natural and Organic Foods", "Sku": "20370855001_EA", "Regular Price": "None", "Sale Price": "4.79", "Image": "https://assets.shop.loblaws.ca/products/20370855001/b1/en/front/20370855001_front_a01_@2.png", "Brand": "Hardbite", "Url": "https://www.maxi.ca/handcrafted-style-chips-all-natural/p/20370855001_EA", "Sub Category": null, "English Name": "Handcrafted-Style Chips, All Natural", "Size": "150 g", "Size Label": "ea"}, {"Category": "Snacks ", "Aisle": "Natural and Organic Foods", "Sku": "21425843_C16", "Regular Price": "None", "Sale Price": "22.99", "Image": "https://assets.shop.loblaws.ca/products/21425843/b1/en/front/21425843_front_a01_@2.png", "Brand": "Larabar", "Url": "https://www.maxi.ca/gluten-free-bar-lemon-16-pack/p/21425843_C16", "Sub Category": null, "English Name": "Gluten Free Bar, Lemon, 16/pack", "Size": "16x45.0 g", "Size Label": "c16"}, {"Category": "Snacks ", "Aisle": "Natural and Organic Foods", "Sku": "21357339_EA", "Regular Price": "29.49", "Sale Price": "23.99", "Image": "https://assets.shop.loblaws.ca/products/21357339/b1/en/front/21357339_front_a01_@2.png", "Brand": "Clif", "Url": "https://www.maxi.ca/bar-chocolate-chip-16-energy-bars-x-68-g/p/21357339_EA", "Sub Category": null, "English Name": "Bar Chocolate Chip 16 Energy Bars x 68 g", "Size": "1.3 kg", "Size Label": "ea"}, {"Category": "Snacks ", "Aisle": "Natural and Organic Foods", "Sku": "21533145_EA", "Regular Price": "None", "Sale Price": "5.49", "Image": "https://assets.shop.loblaws.ca/products/21533145/b1/en/front/21533145_front_a01_@2.png", "Brand": "Neal Brothers Foods", "Url": "https://www.maxi.ca/tortillas-new-classics-organic/p/21533145_EA", "Sub Category": null, "English Name": "Tortillas New Classics Organic", "Size": "300 g", "Size Label": "ea"}, {"Category": "Snacks ", "Aisle": "Natural and Organic Foods", "Sku": "21219837_EA", "Regular Price": "None", "Sale Price": "2.00", "Image": "https://assets.shop.loblaws.ca/products/21219837/b1/en/front/21219837_front_a01_@2.png", "Brand": "Good to Go", "Url": "https://www.maxi.ca/double-chocolate-soft-baked-bar/p/21219837_EA", "Sub Category": null, "English Name": "Double Chocolate Soft Baked Bar", "Size": "40 g", "Size Label": "ea"}, {"Category": "Snacks ", "Aisle": "Natural and Organic Foods", "Sku": "21391177_EA", "Regular Price": "None", "Sale Price": "1.79", "Image": "https://assets.shop.loblaws.ca/products/21391177/b1/en/front/21391177_front_a01_@2.png", "Brand": "PC Organics", "Url": "https://www.maxi.ca/organic-dark-chocolate-sea-salt-nut-bar/p/21391177_EA", "Sub Category": null, "English Name": "Organic Dark Chocolate Sea Salt Nut Bar", "Size": "40 g", "Size Label": "ea"}, {"Category": "Snacks ", "Aisle": "Natural and Organic Foods", "Sku": "20960497_EA", "Regular Price": "None", "Sale Price": "5.49", "Image": "https://assets.shop.loblaws.ca/products/20960497/b1/en/front/20960497_front_a01_@2.png", "Brand": "Smart Food", "Url": "https://www.maxi.ca/delight-popcorn-white-cheddar/p/20960497_EA", "Sub Category": null, "English Name": "Delight Popcorn, White Cheddar", "Size": "156 g", "Size Label": "ea"}, {"Category": "Snacks ", "Aisle": "Natural and Organic Foods", "Sku": "20926433_EA", "Regular Price": "None", "Sale Price": "4.99", "Image": "https://assets.shop.loblaws.ca/products/20926433/b1/en/front/20926433_front_a01_@2.png", "Brand": "Kind bar", "Url": "https://www.maxi.ca/oats-honey-with-toasted-coconut-granola-5-bars/p/20926433_EA", "Sub Category": null, "English Name": "Oats & Honey with Toasted Coconut Granola 5 Bars", "Size": "35 g", "Size Label": "ea"}, {"Category": "Snacks ", "Aisle": "Natural and Organic Foods", "Sku": "20707304002_EA", "Regular Price": "None", "Sale Price": "2.99", "Image": "https://assets.shop.loblaws.ca/products/20707304002/b1/en/front/20707304002_front_a01_@2.png", "Brand": "Clif", "Url": "https://www.maxi.ca/white-chocolate-macadamia-energy-bar/p/20707304002_EA", "Sub Category": null, "English Name": "White Chocolate Macadamia Energy Bar", "Size": "68 g", "Size Label": "ea"}, {"Category": "Snacks ", "Aisle": "Natural and Organic Foods", "Sku": "20031362009_C16", "Regular Price": "None", "Sale Price": "22.99", "Image": "https://assets.shop.loblaws.ca/products/20031362009/b1/en/front/20031362009_front_a01_@2.png", "Brand": "Larabar", "Url": "https://www.maxi.ca/fruit-nut-energy-bar-chocolate-chip-16-pack/p/20031362009_C16", "Sub Category": null, "English Name": "Fruit & Nut Energy Bar, Chocolate Chip, 16/pack", "Size": "16x48.0 g", "Size Label": "pack of 16"}, {"Category": "Snacks ", "Aisle": "Natural and Organic Foods", "Sku": "21293456_EA", "Regular Price": "None", "Sale Price": "4.49", "Image": "https://assets.shop.loblaws.ca/products/21293456/b1/en/front/21293456_front_a01_@2.png", "Brand": "GoGo Quinoa", "Url": "https://www.maxi.ca/vegan-white-cheddar-quinoa-puffs/p/21293456_EA", "Sub Category": null, "English Name": "Vegan White Cheddar Quinoa Puffs ", "Size": "113 g", "Size Label": "ea"}, {"Category": "Snacks ", "Aisle": "Natural and Organic Foods", "Sku": "20781404_C16", "Regular Price": "None", "Sale Price": "22.99", "Image": "https://assets.shop.loblaws.ca/products/20781404/b1/en/front/20781404_front_a01_@2.png", "Brand": "Larabar", "Url": "https://www.maxi.ca/fruit-nut-energy-bar-chocolate-brownie-16-pack/p/20781404_C16", "Sub Category": null, "English Name": "Fruit & Nut Energy Bar, Chocolate Brownie, 16/pack", "Size": "16x45.0 g", "Size Label": "pack of 16"}, {"Category": "Snacks ", "Aisle": "Natural and Organic Foods", "Sku": "21358688_EA", "Regular Price": "None", "Sale Price": "4.29", "Image": "https://assets.shop.loblaws.ca/products/21358688/b1/en/front/21358688_front_a01_@2.png", "Brand": "PC Organics", "Url": "https://www.maxi.ca/plant-based-cheddar-jalapeno-baked-corn-puffs/p/21358688_EA", "Sub Category": null, "English Name": "Plant Based Cheddar Jalapeno Baked Corn Puffs", "Size": "142 g", "Size Label": "ea"}, {"Category": "Snacks ", "Aisle": "Natural and Organic Foods", "Sku": "20031362007_EA", "Regular Price": "None", "Sale Price": "2.29", "Image": "https://assets.shop.loblaws.ca/products/20031362007/b1/en/front/20031362007_front_a01_@2.png", "Brand": "Larabar", "Url": "https://www.maxi.ca/fruit-nut-energy-bar-peanut-butter-chocolate-chip/p/20031362007_EA", "Sub Category": null, "English Name": "Fruit & Nut Energy Bar, Peanut Butter Chocolate Chip", "Size": "45 g", "Size Label": "ea"}, {"Category": "Crackers & Condiments", "Aisle": "Deli", "Sku": "21547034_EA", "Regular Price": "None", "Sale Price": "3.49", "Image": "https://assets.shop.loblaws.ca/products/21547034/b1/en/front/21547034_front_a01_@2.png", "Brand": "Ritz", "Url": "https://www.maxi.ca/original-crackers/p/21547034_EA", "Sub Category": null, "English Name": "Original Crackers", "Size": "180 g", "Size Label": "ea"}, {"Category": "Crackers & Condiments", "Aisle": "Deli", "Sku": "20948940_EA", "Regular Price": "None", "Sale Price": "4.49", "Image": "https://assets.shop.loblaws.ca/products/20948940/b1/en/front/20948940_front_a01_@2.png", "Brand": "The Snack Factory", "Url": "https://www.maxi.ca/pretzel-crisps-original/p/20948940_EA", "Sub Category": null, "English Name": "Pretzel Crisps, Original", "Size": "200 g", "Size Label": "ea"}, {"Category": "Crackers & Condiments", "Aisle": "Deli", "Sku": "21547049_EA", "Regular Price": "None", "Sale Price": "3.49", "Image": "https://assets.shop.loblaws.ca/products/21547049/b1/en/front/21547049_front_a01_@2.png", "Brand": "Wheat Thins", "Url": "https://www.maxi.ca/original-crackers/p/21547049_EA", "Sub Category": null, "English Name": "Original Crackers", "Size": "180 g", "Size Label": "ea"}, {"Category": "Crackers & Condiments", "Aisle": "Deli", "Sku": "20603888003_EA", "Regular Price": "None", "Sale Price": "3.29", "Image": "https://assets.shop.loblaws.ca/products/20603888003/b1/en/front/20603888003_front_a01_@2.png", "Brand": "President's Choice", "Url": "https://www.maxi.ca/sea-salt-crackers/p/20603888003_EA", "Sub Category": null, "English Name": "Sea Salt Crackers", "Size": "185 g", "Size Label": "ea"}, {"Category": "Crackers & Condiments", "Aisle": "Deli", "Sku": "21547048_EA", "Regular Price": "None", "Sale Price": "3.49", "Image": "https://assets.shop.loblaws.ca/products/21547048/b1/en/front/21547048_front_a01_@2.png", "Brand": "Wheat Thins", "Url": "https://www.maxi.ca/multigrain-crackers/p/21547048_EA", "Sub Category": null, "English Name": "Multigrain Crackers", "Size": "180 g", "Size Label": "ea"}, {"Category": "Crackers & Condiments", "Aisle": "Deli", "Sku": "20603888002_EA", "Regular Price": "None", "Sale Price": "3.29", "Image": "https://assets.shop.loblaws.ca/products/20603888002/b1/en/front/20603888002_front_a01_@2.png", "Brand": "President's Choice", "Url": "https://www.maxi.ca/rosemary-crackers/p/20603888002_EA", "Sub Category": null, "English Name": "Rosemary Crackers", "Size": "185 g", "Size Label": "ea"}, {"Category": "Crackers & Condiments", "Aisle": "Deli", "Sku": "21547047_EA", "Regular Price": "None", "Sale Price": "3.49", "Image": "https://assets.shop.loblaws.ca/products/21547047/b1/en/front/21547047_front_a01_@2.png", "Brand": "Wheat Thins", "Url": "https://www.maxi.ca/variety-cookie-cracker-mix/p/21547047_EA", "Sub Category": null, "English Name": "Variety Cookie Cracker Mix", "Size": "180 g", "Size Label": "ea"}, {"Category": "Crackers & Condiments", "Aisle": "Deli", "Sku": "21520682_EA", "Regular Price": "None", "Sale Price": "3.49", "Image": "https://assets.shop.loblaws.ca/products/21520682/b1/en/front/21520682_front_a01_@2.png", "Brand": "Dare", "Url": "https://www.maxi.ca/breton-garden-vegetable-crackers/p/21520682_EA", "Sub Category": null, "English Name": "Breton Garden Vegetable Crackers", "Size": "200 g", "Size Label": "ea"}, {"Category": "Crackers & Condiments", "Aisle": "Deli", "Sku": "21520666_EA", "Regular Price": "None", "Sale Price": "3.49", "Image": "https://assets.shop.loblaws.ca/products/21520666/b1/en/front/21520666_front_a01_@2.png", "Brand": "Dare", "Url": "https://www.maxi.ca/breton-original-crackers/p/21520666_EA", "Sub Category": null, "English Name": "Breton Original Crackers", "Size": "200 g", "Size Label": "ea"}, {"Category": "Crackers & Condiments", "Aisle": "Deli", "Sku": "21547040_EA", "Regular Price": "None", "Sale Price": "3.49", "Image": "https://assets.shop.loblaws.ca/products/21547040/b1/en/front/21547040_front_a01_@2.png", "Brand": "Ritz", "Url": "https://www.maxi.ca/crackers/p/21547040_EA", "Sub Category": null, "English Name": "Crackers", "Size": "180 g", "Size Label": "ea"}, {"Category": "Crackers & Condiments", "Aisle": "Deli", "Sku": "21547021_EA", "Regular Price": "None", "Sale Price": "3.49", "Image": "https://assets.shop.loblaws.ca/products/21547021/b1/en/front/21547021_front_a01_@2.png", "Brand": "Ritz", "Url": "https://www.maxi.ca/swiss-cheese-crackers/p/21547021_EA", "Sub Category": null, "English Name": "Swiss Cheese Crackers", "Size": "180 g", "Size Label": "ea"}, {"Category": "Crackers & Condiments", "Aisle": "Deli", "Sku": "20948939_EA", "Regular Price": "None", "Sale Price": "4.49", "Image": "https://assets.shop.loblaws.ca/products/20948939/b1/en/front/20948939_front_a01_@2.png", "Brand": "The Snack Factory", "Url": "https://www.maxi.ca/pretzel-crisps-garlic-parmesan/p/20948939_EA", "Sub Category": null, "English Name": "Pretzel Crisps, Garlic Parmesan    ", "Size": "200 g", "Size Label": "ea"}, {"Category": "Crackers & Condiments", "Aisle": "Deli", "Sku": "20948904_EA", "Regular Price": "5.99", "Sale Price": "4.49", "Image": "https://assets.shop.loblaws.ca/products/20948904/b1/en/front/20948904_front_a01_@2.png", "Brand": "The Snack Factory", "Url": "https://www.maxi.ca/pretzel-crisps-everything/p/20948904_EA", "Sub Category": null, "English Name": "Pretzel Crisps, Everything    ", "Size": "200 g", "Size Label": "ea"}, {"Category": "Crackers & Condiments", "Aisle": "Deli", "Sku": "21547023_EA", "Regular Price": "None", "Sale Price": "3.49", "Image": "https://assets.shop.loblaws.ca/products/21547023/b1/en/front/21547023_front_a01_@2.png", "Brand": "Ritz", "Url": "https://www.maxi.ca/crackers/p/21547023_EA", "Sub Category": null, "English Name": "Crackers", "Size": "180 g", "Size Label": "ea"}, {"Category": "Crackers & Condiments", "Aisle": "Deli", "Sku": "21547043_EA", "Regular Price": "None", "Sale Price": "3.49", "Image": "https://assets.shop.loblaws.ca/products/21547043/b1/en/front/21547043_front_a01_@2.png", "Brand": "Ritz", "Url": "https://www.maxi.ca/cheese-nibs-cheddar-crackers/p/21547043_EA", "Sub Category": null, "English Name": "Cheese Nibs Cheddar Crackers", "Size": "180 g", "Size Label": "ea"}, {"Category": "Crackers & Condiments", "Aisle": "Deli", "Sku": "21547046_EA", "Regular Price": "None", "Sale Price": "3.49", "Image": "https://assets.shop.loblaws.ca/products/21547046/b1/en/front/21547046_front_a01_@2.png", "Brand": "Wheat Thins", "Url": "https://www.maxi.ca/vegetable-thins-crackers-less-fat/p/21547046_EA", "Sub Category": null, "English Name": "Vegetable Thins Crackers, Less Fat", "Size": "180 g", "Size Label": "ea"}, {"Category": "Crackers & Condiments", "Aisle": "Deli", "Sku": "20431236_EA", "Regular Price": "None", "Sale Price": "3.49", "Image": "https://assets.shop.loblaws.ca/products/20431236/b1/en/front/20431236_front_a01_@2.png", "Brand": "President's Choice", "Url": "https://www.maxi.ca/water-crackers/p/20431236_EA", "Sub Category": null, "English Name": "Water Crackers", "Size": "125 g", "Size Label": "ea"}, {"Category": "Crackers & Condiments", "Aisle": "Deli", "Sku": "21547029_EA", "Regular Price": "None", "Sale Price": "3.49", "Image": "https://assets.shop.loblaws.ca/products/21547029/b1/en/front/21547029_front_a01_@2.png", "Brand": "Ritz", "Url": "https://www.maxi.ca/cheese-bits-cheddar/p/21547029_EA", "Sub Category": null, "English Name": "Cheese Bits, Cheddar", "Size": "180 g", "Size Label": "ea"}, {"Category": "Crackers & Condiments", "Aisle": "Deli", "Sku": "21451181_EA", "Regular Price": "4.29", "Sale Price": "2.99", "Image": "https://assets.shop.loblaws.ca/products/21451181/b1/en/front/21451181_front_a01_@2.png", "Brand": "Cheez-It", "Url": "https://www.maxi.ca/crackers-double-cheese-flavour-snack/p/21451181_EA", "Sub Category": null, "English Name": "Crackers Double Cheese Flavour Snack", "Size": "213 g", "Size Label": "ea"}, {"Category": "Crackers & Condiments", "Aisle": "Deli", "Sku": "20185144001_EA", "Regular Price": "None", "Sale Price": "3.29", "Image": "https://assets.shop.loblaws.ca/products/20185144001/b1/en/front/20185144001_front_a01_@2.png", "Brand": "President's Choice", "Url": "https://www.maxi.ca/crisp-thin-vegetable-crackers/p/20185144001_EA", "Sub Category": null, "English Name": "Crisp & Thin Vegetable Crackers", "Size": "225 g", "Size Label": "ea"}, {"Category": "Crackers & Condiments", "Aisle": "Deli", "Sku": "21380316_EA", "Regular Price": "2.99", "Sale Price": "2.49", "Image": "https://assets.shop.loblaws.ca/products/21380316/b1/en/front/21380316_front_a01_@2.png", "Brand": "President's Choice", "Url": "https://www.maxi.ca/mini-pita-crackers-sea-salt/p/21380316_EA", "Sub Category": null, "English Name": "Mini Pita Crackers, Sea Salt", "Size": "142 g", "Size Label": "ea"}, {"Category": "Crackers & Condiments", "Aisle": "Deli", "Sku": "21449840_EA", "Regular Price": "4.29", "Sale Price": "2.99", "Image": "https://assets.shop.loblaws.ca/products/21449840/b1/en/front/21449840_front_a01_@2.png", "Brand": "Cheez-It", "Url": "https://www.maxi.ca/crackers-jalape-o-jack-flavour-snack/p/21449840_EA", "Sub Category": null, "English Name": "Crackers jalape\u00f1o Jack Flavour Snack ", "Size": "213 g", "Size Label": "ea"}, {"Category": "Crackers & Condiments", "Aisle": "Deli", "Sku": "20501555_EA", "Regular Price": "None", "Sale Price": "6.00", "Image": "https://assets.shop.loblaws.ca/products/20501555/b1/en/front/20501555_front_a01_@2.png", "Brand": "PC Black Label", "Url": "https://www.maxi.ca/cranberry-and-fennel-artisan-crisps/p/20501555_EA", "Sub Category": null, "English Name": "Cranberry and Fennel Artisan Crisps", "Size": "150 g", "Size Label": "ea"}, {"Category": "Crackers & Condiments", "Aisle": "Deli", "Sku": "21124906_EA", "Regular Price": "None", "Sale Price": "4.99", "Image": "https://assets.shop.loblaws.ca/products/21124906/b1/en/front/21124906_front_a01_@2.png", "Brand": "Ryvita", "Url": "https://www.maxi.ca/thins-three-cheese-flatbreads/p/21124906_EA", "Sub Category": null, "English Name": "Thins Three Cheese Flatbreads", "Size": "125 g", "Size Label": "ea"}, {"Category": "Crackers & Condiments", "Aisle": "Deli", "Sku": "21434498_EA", "Regular Price": "None", "Sale Price": "4.49", "Image": "https://assets.shop.loblaws.ca/products/21434498/b1/en/front/21434498_front_a01_@2.png", "Brand": "The Snack Factory", "Url": "https://www.maxi.ca/pretzel-crisps-bold-spicy-buffalo-wing/p/21434498_EA", "Sub Category": null, "English Name": "Pretzel Crisps Bold & Spicy Buffalo Wing", "Size": "200 g", "Size Label": "ea"}, {"Category": "Crackers & Condiments", "Aisle": "Deli", "Sku": "20501050_EA", "Regular Price": "None", "Sale Price": "3.00", "Image": "https://assets.shop.loblaws.ca/products/20501050/b1/en/front/20501050_front_a01_@2.png", "Brand": "Paris Toasts", "Url": "https://www.maxi.ca/paris-toasts/p/20501050_EA", "Sub Category": null, "English Name": "Paris Toasts", "Size": "80 g", "Size Label": "ea"}, {"Category": "Crackers & Condiments", "Aisle": "Deli", "Sku": "20185144004_EA", "Regular Price": "None", "Sale Price": "3.29", "Image": "https://assets.shop.loblaws.ca/products/20185144004/b1/en/front/20185144004_front_a01_@2.png", "Brand": "President's Choice", "Url": "https://www.maxi.ca/crisp-thin-crackers-with-flax-honey/p/20185144004_EA", "Sub Category": null, "English Name": "Crisp & Thin Crackers with Flax & Honey", "Size": "225 g", "Size Label": "ea"}, {"Category": "Crackers & Condiments", "Aisle": "Deli", "Sku": "20501554_EA", "Regular Price": "None", "Sale Price": "6.00", "Image": "https://assets.shop.loblaws.ca/products/20501554/b1/en/front/20501554_front_a01_@2.png", "Brand": "PC Black Label", "Url": "https://www.maxi.ca/apricot-and-rosemary-artisan-crisps/p/20501554_EA", "Sub Category": null, "English Name": "Apricot and Rosemary Artisan Crisps", "Size": "150 g", "Size Label": "ea"}, {"Category": "Crackers & Condiments", "Aisle": "Deli", "Sku": "20501557_EA", "Regular Price": "None", "Sale Price": "6.00", "Image": "https://assets.shop.loblaws.ca/products/20501557/b1/en/front/20501557_front_a01_@2.png", "Brand": "PC Black Label", "Url": "https://www.maxi.ca/raisin-and-black-currant-artisan-crisps/p/20501557_EA", "Sub Category": null, "English Name": "Raisin and Black Currant Artisan Crisps", "Size": "150 g", "Size Label": "ea"}, {"Category": "Deli Meat", "Aisle": "Deli", "Sku": "20009282_EA", "Regular Price": "None", "Sale Price": "8.49", "Image": "https://assets.shop.loblaws.ca/products/20009282/b1/en/front/20009282_front_a01_@2.png", "Brand": "Maple Leaf", "Url": "https://www.maxi.ca/natural-selections-sliced-deli-turkey-breast-oven/p/20009282_EA", "Sub Category": null, "English Name": "Natural Selections Sliced Deli Turkey Breast, Oven Roasted", "Size": "175 g", "Size Label": "ea"}, {"Category": "Deli Meat", "Aisle": "Deli", "Sku": "20065285_EA", "Regular Price": "None", "Sale Price": "8.49", "Image": "https://assets.shop.loblaws.ca/products/20065285/b1/en/front/20065285_front_a01_@2.png", "Brand": "Maple Leaf", "Url": "https://www.maxi.ca/natural-selections-sliced-black-forest-deli-ham-sm/p/20065285_EA", "Sub Category": null, "English Name": "Natural Selections Sliced Black Forest Deli Ham, Smoked", "Size": "175 g", "Size Label": "ea"}, {"Category": "Deli Meat", "Aisle": "Deli", "Sku": "20308469_EA", "Regular Price": "None", "Sale Price": "6.99", "Image": "https://assets.shop.loblaws.ca/products/20308469/b1/en/front/20308469_front_a01_@2.png", "Brand": "Pillers", "Url": "https://www.maxi.ca/kolbassa-sausage/p/20308469_EA", "Sub Category": null, "English Name": "Kolbassa Sausage", "Size": "375 g", "Size Label": "ea"}, {"Category": "Deli Meat", "Aisle": "Deli", "Sku": "21217461_EA", "Regular Price": "11.49", "Sale Price": "10.00", "Image": "https://assets.shop.loblaws.ca/products/21217461/b1/en/front/21217461_front_a01_@2.png", "Brand": "Roma", "Url": "https://www.maxi.ca/pepperoni-mild-sliced/p/21217461_EA", "Sub Category": null, "English Name": "Pepperoni Mild Sliced", "Size": "900 g", "Size Label": "ea"}, {"Category": "Deli Meat", "Aisle": "Deli", "Sku": "21061099_EA", "Regular Price": "None", "Sale Price": "7.99", "Image": "https://assets.shop.loblaws.ca/products/21061099/b1/en/front/21061099_front_a01_@2.png", "Brand": "Mastro", "Url": "https://www.maxi.ca/genoa-sweet-salami/p/21061099_EA", "Sub Category": null, "English Name": "Genoa Sweet Salami    ", "Size": "150 g", "Size Label": "ea"}, {"Category": "Deli Meat", "Aisle": "Deli", "Sku": "20772015_EA", "Regular Price": "None", "Sale Price": "14.49", "Image": "https://assets.shop.loblaws.ca/products/20772015/b1/en/front/20772015_front_a01_@2.png", "Brand": "Maple Leaf", "Url": "https://www.maxi.ca/natural-selections-sliced-black-forest-deli-ham-sm/p/20772015_EA", "Sub Category": null, "English Name": "Natural Selections Sliced Black Forest Deli Ham, Smoked, Family Size", "Size": "400 g", "Size Label": "ea"}, {"Category": "Deli Meat", "Aisle": "Deli", "Sku": "21049131_EA", "Regular Price": "None", "Sale Price": "6.49", "Image": "https://assets.shop.loblaws.ca/products/21049131/b1/en/front/21049131_front_a01_@2.png", "Brand": "PC Splendido", "Url": "https://www.maxi.ca/prosciutto/p/21049131_EA", "Sub Category": null, "English Name": "Prosciutto", "Size": "100 g", "Size Label": "ea"}, {"Category": "Deli Meat", "Aisle": "Deli", "Sku": "20030970_EA", "Regular Price": "None", "Sale Price": "7.49", "Image": "https://assets.shop.loblaws.ca/products/20030970/b1/en/front/20030970_front_a01_@2.png", "Brand": "Lafleur", "Url": "https://www.maxi.ca/chunk-bologna/p/20030970_EA", "Sub Category": null, "English Name": "Chunk Bologna", "Size": "675 g", "Size Label": "ea"}, {"Category": "Deli Meat", "Aisle": "Deli", "Sku": "21050405_EA", "Regular Price": "None", "Sale Price": "6.49", "Image": "https://assets.shop.loblaws.ca/products/21050405/b1/en/front/21050405_front_a01_@2.png", "Brand": "PC Splendido", "Url": "https://www.maxi.ca/antipasto-misto/p/21050405_EA", "Sub Category": null, "English Name": "Antipasto Misto ", "Size": "100 g", "Size Label": "ea"}, {"Category": "Deli Meat", "Aisle": "Deli", "Sku": "20015818_EA", "Regular Price": "None", "Sale Price": "5.49", "Image": "https://assets.shop.loblaws.ca/products/20015818/b1/en/front/20015818_front_a01_@2.png", "Brand": "No Name", "Url": "https://www.maxi.ca/pepperoni/p/20015818_EA", "Sub Category": null, "English Name": "Pepperoni", "Size": "500 g", "Size Label": "ea"}, {"Category": "Deli Meat", "Aisle": "Deli", "Sku": "20576743_EA", "Regular Price": "None", "Sale Price": "3.99", "Image": "https://assets.shop.loblaws.ca/products/20576743/b1/en/front/20576743_front_a01_@2.png", "Brand": "San Daniele", "Url": "https://www.maxi.ca/mortadella/p/20576743_EA", "Sub Category": null, "English Name": "Mortadella", "Size": "175 g", "Size Label": "ea"}, {"Category": "Deli Meat", "Aisle": "Deli", "Sku": "20731361_EA", "Regular Price": "None", "Sale Price": "6.00", "Image": "https://assets.shop.loblaws.ca/products/20731361/b1/en/front/20731361_front_a01_@2.png", "Brand": "Royal", "Url": "https://www.maxi.ca/bologna-regular/p/20731361_EA", "Sub Category": null, "English Name": "Bologna, Regular", "Size": "800 g", "Size Label": "ea"}, {"Category": "Deli Meat", "Aisle": "Deli", "Sku": "20109554_EA", "Regular Price": "None", "Sale Price": "7.49", "Image": "https://assets.shop.loblaws.ca/products/20109554/b1/en/front/20109554_front_a01_@2.png", "Brand": "Paysan", "Url": "https://www.maxi.ca/turkey-breast-shaved/p/20109554_EA", "Sub Category": null, "English Name": "Turkey Breast, Shaved", "Size": "175 g", "Size Label": "ea"}, {"Category": "Deli Meat", "Aisle": "Deli", "Sku": "20772016_EA", "Regular Price": "None", "Sale Price": "14.49", "Image": "https://assets.shop.loblaws.ca/products/20772016/b1/en/front/20772016_front_a01_@2.png", "Brand": "Maple Leaf", "Url": "https://www.maxi.ca/natural-selections-shaved-deli-turkey-breast-oven/p/20772016_EA", "Sub Category": null, "English Name": "Natural Selections Shaved Deli Turkey Breast, Oven Roasted, Family Size", "Size": "375 g", "Size Label": "ea"}, {"Category": "Deli Meat", "Aisle": "Deli", "Sku": "20277596_EA", "Regular Price": "None", "Sale Price": "3.99", "Image": "https://assets.shop.loblaws.ca/products/20277596/b1/en/front/20277596_front_a01_@2.png", "Brand": "La Belle Bretagne", "Url": "https://www.maxi.ca/glazed-liver-p-t/p/20277596_EA", "Sub Category": null, "English Name": "Glazed Liver P\u00e2t\u00e9", "Size": "150 g", "Size Label": "ea"}, {"Category": "Deli Meat", "Aisle": "Deli", "Sku": "20733517_EA", "Regular Price": "None", "Sale Price": "6.00", "Image": "https://assets.shop.loblaws.ca/products/20733517/b1/en/front/20733517_front_a01_@2.png", "Brand": "Royal", "Url": "https://www.maxi.ca/ham-chopped-duo-pack/p/20733517_EA", "Sub Category": null, "English Name": "Ham, Chopped Duo Pack", "Size": "700 g", "Size Label": "ea"}, {"Category": "Deli Meat", "Aisle": "Deli", "Sku": "20960140_EA", "Regular Price": "None", "Sale Price": "6.99", "Image": "https://assets.shop.loblaws.ca/products/20960140/b1/en/front/20960140_front_a01_@2.png", "Brand": "Ziggy's", "Url": "https://www.maxi.ca/chicken-strips/p/20960140_EA", "Sub Category": null, "English Name": "Chicken Strips", "Size": "200 g", "Size Label": "ea"}, {"Category": "Deli Meat", "Aisle": "Deli", "Sku": "21456204_EA", "Regular Price": "None", "Sale Price": "9.00", "Image": "https://assets.shop.loblaws.ca/products/21456204/b1/en/front/21456204_front_a01_@2.png", "Brand": "Mere Michel", "Url": "https://www.maxi.ca/cooked-ham-smoked-turkey/p/21456204_EA", "Sub Category": null, "English Name": "Cooked Ham & Smoked Turkey", "Size": "375 g", "Size Label": "ea"}, {"Category": "Deli Meat", "Aisle": "Deli", "Sku": "21478078_EA", "Regular Price": "None", "Sale Price": "6.29", "Image": "https://assets.shop.loblaws.ca/products/21478078/b1/en/front/21478078_front_a01_@2.png", "Brand": "Roma", "Url": "https://www.maxi.ca/italian-style-ham-capicollo-mild/p/21478078_EA", "Sub Category": null, "English Name": "Italian Style Ham Capicollo Mild", "Size": "125 g", "Size Label": "ea"}, {"Category": "Deli Meat", "Aisle": "Deli", "Sku": "20938085_EA", "Regular Price": "None", "Sale Price": "9.99", "Image": "https://assets.shop.loblaws.ca/products/20938085/b1/en/front/20938085_front_a01_@2.png", "Brand": "President's Choice", "Url": "https://www.maxi.ca/natural-choice-mild-spanish-style-chorizo-semi-dry/p/20938085_EA", "Sub Category": null, "English Name": "Natural Choice Mild Spanish-Style Chorizo Semi-Dry Cured Sausage", "Size": "250 g", "Size Label": "ea"}, {"Category": "Deli Meat", "Aisle": "Deli", "Sku": "20176087_EA", "Regular Price": "None", "Sale Price": "5.49", "Image": "https://assets.shop.loblaws.ca/products/20176087/b1/en/front/20176087_front_a01_@2.png", "Brand": "No Name", "Url": "https://www.maxi.ca/salami-chub/p/20176087_EA", "Sub Category": null, "English Name": "Salami Chub", "Size": "500 g", "Size Label": "ea"}, {"Category": "Deli Meat", "Aisle": "Deli", "Sku": "21218552_EA", "Regular Price": "None", "Sale Price": "8.79", "Image": "https://assets.shop.loblaws.ca/products/21218552/b1/en/front/21218552_front_a01_@2.png", "Brand": "Roma", "Url": "https://www.maxi.ca/pepperoni-gluten-free/p/21218552_EA", "Sub Category": null, "English Name": "Pepperoni Gluten Free", "Size": "300 g", "Size Label": "ea"}, {"Category": "Deli Meat", "Aisle": "Deli", "Sku": "21509054_EA", "Regular Price": "None", "Sale Price": "9.99", "Image": "https://assets.shop.loblaws.ca/products/21509054/b1/en/front/21509054_front_a01_@2.png", "Brand": "Mikes", "Url": "https://www.maxi.ca/sliced-pepperoni/p/21509054_EA", "Sub Category": null, "English Name": "Sliced Pepperoni", "Size": "300 g", "Size Label": "ea"}, {"Category": "Deli Meat", "Aisle": "Deli", "Sku": "21060834_EA", "Regular Price": "None", "Sale Price": "7.99", "Image": "https://assets.shop.loblaws.ca/products/21060834/b1/en/front/21060834_front_a01_@2.png", "Brand": "Mastro", "Url": "https://www.maxi.ca/salami-with-prosciutto/p/21060834_EA", "Sub Category": null, "English Name": "Salami with Prosciutto", "Size": "125 g", "Size Label": "ea"}, {"Category": "Deli Meat", "Aisle": "Deli", "Sku": "20316176_EA", "Regular Price": "None", "Sale Price": "4.49", "Image": "https://assets.shop.loblaws.ca/products/20316176/b1/en/front/20316176_front_a01_@2.png", "Brand": "Norel", "Url": "https://www.maxi.ca/classic-smoothy-cretons/p/20316176_EA", "Sub Category": null, "English Name": "Classic Smoothy Cretons  ", "Size": "150 g", "Size Label": "ea"}, {"Category": "Deli Meat", "Aisle": "Deli", "Sku": "20318795_EA", "Regular Price": "None", "Sale Price": "7.49", "Image": "https://assets.shop.loblaws.ca/products/20318795/b1/en/front/20318795_front_a01_@2.png", "Brand": "Paysan", "Url": "https://www.maxi.ca/black-forest-ham-shaved/p/20318795_EA", "Sub Category": null, "English Name": "Black Forest Ham, Shaved", "Size": "175 g", "Size Label": "ea"}, {"Category": "Deli Meat", "Aisle": "Deli", "Sku": "20296505_EA", "Regular Price": "None", "Sale Price": "4.49", "Image": "https://assets.shop.loblaws.ca/products/20296505/b1/en/front/20296505_front_a01_@2.png", "Brand": "Norel", "Url": "https://www.maxi.ca/grand-m-re-cretons/p/20296505_EA", "Sub Category": null, "English Name": "Grand-M\u00e8re Cretons ", "Size": "150 g", "Size Label": "ea"}, {"Category": "Deli Meat", "Aisle": "Deli", "Sku": "21049119_EA", "Regular Price": "11.00", "Sale Price": "10.00", "Image": "https://assets.shop.loblaws.ca/products/21049119/b1/en/front/21049119_front_a01_@2.png", "Brand": "PC Splendido", "Url": "https://www.maxi.ca/antipasto-club-pack/p/21049119_EA", "Sub Category": null, "English Name": "Antipasto, Club Pack", "Size": "200 g", "Size Label": "ea"}, {"Category": "Deli Meat", "Aisle": "Deli", "Sku": "21217405_EA", "Regular Price": "11.49", "Sale Price": "10.00", "Image": "https://assets.shop.loblaws.ca/products/21217405/b1/en/front/21217405_front_a01_@2.png", "Brand": "Roma", "Url": "https://www.maxi.ca/pepperoni-hot-sliced/p/21217405_EA", "Sub Category": null, "English Name": "Pepperoni Hot Sliced", "Size": "900 g", "Size Label": "ea"}, {"Category": "Deli Meat", "Aisle": "Deli", "Sku": "21551583_EA", "Regular Price": "None", "Sale Price": "7.00", "Image": "https://assets.shop.loblaws.ca/products/21551583/b1/en/front/21551583_front_a01_@2.png", "Brand": "Fantino & Mondello", "Url": "https://www.maxi.ca/dry-chorizo-sausage/p/21551583_EA", "Sub Category": null, "English Name": "Dry Chorizo Sausage", "Size": "175 g", "Size Label": "ea"}, {"Category": "Deli Meat", "Aisle": "Deli", "Sku": "20171675_EA", "Regular Price": "None", "Sale Price": "7.99", "Image": "https://assets.shop.loblaws.ca/products/20171675/b1/en/front/20171675_front_a01_@2.png", "Brand": "Olymel", "Url": "https://www.maxi.ca/old-fashioned-ham-smoked/p/20171675_EA", "Sub Category": null, "English Name": "Old Fashioned Ham, Smoked", "Size": "175 g", "Size Label": "ea"}, {"Category": "Deli Meat", "Aisle": "Deli", "Sku": "21460435_EA", "Regular Price": "None", "Sale Price": "9.00", "Image": "https://assets.shop.loblaws.ca/products/21460435/b1/en/front/21460435_front_a01_@2.png", "Brand": "Mere Michel", "Url": "https://www.maxi.ca/sliced-black-forest-ham-cooked-turkey/p/21460435_EA", "Sub Category": null, "English Name": "Sliced Black Forest Ham & Cooked Turkey", "Size": "375 g", "Size Label": "ea"}, {"Category": "Deli Meat", "Aisle": "Deli", "Sku": "20731116_EA", "Regular Price": "None", "Sale Price": "6.00", "Image": "https://assets.shop.loblaws.ca/products/20731116/b1/en/front/20731116_front_a01_@2.png", "Brand": "Royal", "Url": "https://www.maxi.ca/black-forrest-smoked-ham/p/20731116_EA", "Sub Category": null, "English Name": "Black Forrest Smoked Ham", "Size": "400 g", "Size Label": "ea"}, {"Category": "Deli Meat", "Aisle": "Deli", "Sku": "20324677_EA", "Regular Price": "None", "Sale Price": "3.99", "Image": "https://assets.shop.loblaws.ca/products/20324677/b1/en/front/20324677_front_a01_@2.png", "Brand": "La Belle Bretagne", "Url": "https://www.maxi.ca/glazed-countrystyle-p-t-fine-herbs/p/20324677_EA", "Sub Category": null, "English Name": "Glazed Countrystyle P\u00e2t\u00e9, Fine Herbs", "Size": "150 g", "Size Label": "ea"}, {"Category": "Deli Meat", "Aisle": "Deli", "Sku": "21193983_EA", "Regular Price": "None", "Sale Price": "7.99", "Image": "https://assets.shop.loblaws.ca/products/21193983/b1/en/front/21193983_front_a01_@2.png", "Brand": "Olymel", "Url": "https://www.maxi.ca/cooked-turkey-breast-original/p/21193983_EA", "Sub Category": null, "English Name": "Cooked Turkey Breast Original", "Size": "175 g", "Size Label": "ea"}, {"Category": "Deli Meat", "Aisle": "Deli", "Sku": "20060489_EA", "Regular Price": "None", "Sale Price": "8.49", "Image": "https://assets.shop.loblaws.ca/products/20060489/b1/en/front/20060489_front_a01_@2.png", "Brand": "Maple Leaf", "Url": "https://www.maxi.ca/natural-selections-sliced-deli-ham-baked/p/20060489_EA", "Sub Category": null, "English Name": "Natural Selections Sliced Deli Ham, Baked", "Size": "175 g", "Size Label": "ea"}, {"Category": "Deli Meat", "Aisle": "Deli", "Sku": "20703657_EA", "Regular Price": "None", "Sale Price": "14.79", "Image": "https://assets.shop.loblaws.ca/products/20703657/b1/en/front/20703657_front_a01_@2.png", "Brand": null, "Url": "https://www.maxi.ca/canabec-duck-rillettes-confit-175-g/p/20703657_EA", "Sub Category": null, "English Name": "Canabec Duck Rillettes Confit 175 g", "Size": "175 g", "Size Label": "ea"}, {"Category": "Deli Meat", "Aisle": "Deli", "Sku": "20682966_EA", "Regular Price": "None", "Sale Price": "8.99", "Image": "https://assets.shop.loblaws.ca/products/20682966/b1/en/front/20682966_front_a01_@2.png", "Brand": "President's Choice", "Url": "https://www.maxi.ca/free-from-turkey/p/20682966_EA", "Sub Category": null, "English Name": "Free From Turkey", "Size": "175 g", "Size Label": "ea"}, {"Category": "Deli Meat", "Aisle": "Deli", "Sku": "20170902_EA", "Regular Price": "None", "Sale Price": "7.79", "Image": "https://assets.shop.loblaws.ca/products/20170902/b1/en/front/20170902_front_a01_@2.png", "Brand": "Gaspesien", "Url": "https://www.maxi.ca/cretons/p/20170902_EA", "Sub Category": null, "English Name": "Cretons ", "Size": "200 g", "Size Label": "ea"}, {"Category": "Deli Meat", "Aisle": "Deli", "Sku": "21381192_EA", "Regular Price": "None", "Sale Price": "4.49", "Image": "https://assets.shop.loblaws.ca/products/21381192/b1/en/front/21381192_front_a01_@2.png", "Brand": "Levitts", "Url": "https://www.maxi.ca/smoked-meat-montreal-style-original/p/21381192_EA", "Sub Category": null, "English Name": "Smoked Meat Montreal Style Original", "Size": "150 g", "Size Label": "ea"}, {"Category": "Deli Meat", "Aisle": "Deli", "Sku": "21015678_EA", "Regular Price": "None", "Sale Price": "7.99", "Image": "https://assets.shop.loblaws.ca/products/21015678/b1/en/front/21015678_front_a01_@2.png", "Brand": "Olymel", "Url": "https://www.maxi.ca/smart-natural-smoked-black-forrest-ham/p/21015678_EA", "Sub Category": null, "English Name": "Smart & Natural Smoked Black Forrest Ham", "Size": "200 g", "Size Label": "ea"}, {"Category": "Deli Meat", "Aisle": "Deli", "Sku": "20577183_EA", "Regular Price": "None", "Sale Price": "4.19", "Image": "https://assets.shop.loblaws.ca/products/20577183/b1/en/front/20577183_front_a01_@2.png", "Brand": "San Daniele", "Url": "https://www.maxi.ca/mortadella-light/p/20577183_EA", "Sub Category": null, "English Name": "Mortadella, Light", "Size": "175 g", "Size Label": "ea"}, {"Category": "Deli Meat", "Aisle": "Deli", "Sku": "20731215_EA", "Regular Price": "None", "Sale Price": "6.00", "Image": "https://assets.shop.loblaws.ca/products/20731215/b1/en/front/20731215_front_a01_@2.png", "Brand": "Royal", "Url": "https://www.maxi.ca/salami/p/20731215_EA", "Sub Category": null, "English Name": "Salami", "Size": "500 g", "Size Label": "ea"}, {"Category": "Deli Meat", "Aisle": "Deli", "Sku": "20437692_EA", "Regular Price": "None", "Sale Price": "6.00", "Image": "https://assets.shop.loblaws.ca/products/20437692/b1/en/front/20437692_front_a01_@2.png", "Brand": "Royal", "Url": "https://www.maxi.ca/submarine-trio/p/20437692_EA", "Sub Category": null, "English Name": "Submarine Trio     ", "Size": "400 g", "Size Label": "ea"}, {"Category": "Deli Meat", "Aisle": "Deli", "Sku": "21003152_EA", "Regular Price": "None", "Sale Price": "6.00", "Image": "https://assets.shop.loblaws.ca/products/21003152/b1/en/front/21003152_front_a01_@2.png", "Brand": "Royal", "Url": "https://www.maxi.ca/montreal-smoked-meat/p/21003152_EA", "Sub Category": null, "English Name": "Montreal Smoked Meat", "Size": "250 g", "Size Label": "ea"}, {"Category": "Deli Meat", "Aisle": "Deli", "Sku": "21507825_EA", "Regular Price": "None", "Sale Price": "12.29", "Image": "https://assets.shop.loblaws.ca/products/21507825/b1/en/front/21507825_front_a01_@2.png", "Brand": "Paysan", "Url": "https://www.maxi.ca/black-forest-smoked-ham/p/21507825_EA", "Sub Category": null, "English Name": "Black Forest Smoked Ham", "Size": "400 g", "Size Label": "ea"}, {"Category": "Deli Meat", "Aisle": "Deli", "Sku": "20002201_EA", "Regular Price": "None", "Sale Price": "7.49", "Image": "https://assets.shop.loblaws.ca/products/20002201/b1/en/front/20002201_front_a01_@2.png", "Brand": "Paysan", "Url": "https://www.maxi.ca/natural-ham/p/20002201_EA", "Sub Category": null, "English Name": "Natural Ham", "Size": "175 g", "Size Label": "ea"}, {"Category": "Deli Meat", "Aisle": "Deli", "Sku": "20158034_EA", "Regular Price": "None", "Sale Price": "6.99", "Image": "https://assets.shop.loblaws.ca/products/20158034/b1/en/front/20158034_front_a01_@2.png", "Brand": "Norel", "Url": "https://www.maxi.ca/classic-smoothy-cretons/p/20158034_EA", "Sub Category": null, "English Name": "Classic Smoothy Cretons ", "Size": "300 g", "Size Label": "ea"}, {"Category": "Deli Meat", "Aisle": "Deli", "Sku": "20158034_EA", "Regular Price": "None", "Sale Price": "6.99", "Image": "https://assets.shop.loblaws.ca/products/20158034/b1/en/front/20158034_front_a01_@2.png", "Brand": "Norel", "Url": "https://www.maxi.ca/classic-smoothy-cretons/p/20158034_EA", "Sub Category": null, "English Name": "Classic Smoothy Cretons ", "Size": "300 g", "Size Label": "ea"}, {"Category": "Deli Meat", "Aisle": "Deli", "Sku": "20307830_EA", "Regular Price": "None", "Sale Price": "4.49", "Image": "https://assets.shop.loblaws.ca/products/20307830/b1/en/front/20307830_front_a01_@2.png", "Brand": "Norel", "Url": "https://www.maxi.ca/veal-cretonnade/p/20307830_EA", "Sub Category": null, "English Name": "Veal Cretonnade ", "Size": "150 g", "Size Label": "ea"}, {"Category": "Deli Meat", "Aisle": "Deli", "Sku": "20700545_EA", "Regular Price": "8.99", "Sale Price": "6.99", "Image": "https://assets.shop.loblaws.ca/products/20700545/b1/en/front/20700545_front_a01_@2.png", "Brand": "Paysan", "Url": "https://www.maxi.ca/homestyle-cretons/p/20700545_EA", "Sub Category": null, "English Name": "Homestyle Cretons ", "Size": "550 g", "Size Label": "ea"}, {"Category": "Deli Meat", "Aisle": "Deli", "Sku": "21551694_EA", "Regular Price": "None", "Sale Price": "7.00", "Image": "https://assets.shop.loblaws.ca/products/21551694/b1/en/front/21551694_front_a01_@2.png", "Brand": "Fantino & Mondello", "Url": "https://www.maxi.ca/pepe-nero-cooked-sliced-capicollo/p/21551694_EA", "Sub Category": null, "English Name": "Pepe Nero Cooked Sliced Capicollo", "Size": "100 g", "Size Label": "ea"}, {"Category": "Deli Meat", "Aisle": "Deli", "Sku": "21217936_EA", "Regular Price": "None", "Sale Price": "7.99", "Image": "https://assets.shop.loblaws.ca/products/21217936/b1/en/front/21217936_front_a01_@2.png", "Brand": "Olymel", "Url": "https://www.maxi.ca/cooked-ham-chicken-breast/p/21217936_EA", "Sub Category": null, "English Name": "Cooked Ham & Chicken Breast", "Size": "250 g", "Size Label": "ea"}, {"Category": "Deli Meat", "Aisle": "Deli", "Sku": "21217857_EA", "Regular Price": "None", "Sale Price": "7.99", "Image": "https://assets.shop.loblaws.ca/products/21217857/b1/en/front/21217857_front_a01_@2.png", "Brand": "Olymel", "Url": "https://www.maxi.ca/smoked-ham-cooked-turkey/p/21217857_EA", "Sub Category": null, "English Name": "Smoked Ham & Cooked Turkey", "Size": "250 g", "Size Label": "ea"}, {"Category": "Deli Meat", "Aisle": "Deli", "Sku": "21381191_EA", "Regular Price": "None", "Sale Price": "4.49", "Image": "https://assets.shop.loblaws.ca/products/21381191/b1/en/front/21381191_front_a01_@2.png", "Brand": "Levitts", "Url": "https://www.maxi.ca/pastrami-new-york-style-original/p/21381191_EA", "Sub Category": null, "English Name": "Pastrami New York Style Original", "Size": "150 g", "Size Label": "ea"}, {"Category": "Deli Meat", "Aisle": "Deli", "Sku": "20060671_EA", "Regular Price": "None", "Sale Price": "6.49", "Image": "https://assets.shop.loblaws.ca/products/20060671/b1/en/front/20060671_front_a01_@2.png", "Brand": "Plaisirs Gastronomiques", "Url": "https://www.maxi.ca/duck-pork-terrine-orange/p/20060671_EA", "Sub Category": null, "English Name": "Duck & Pork Terrine orange", "Size": "125 g", "Size Label": "ea"}, {"Category": "Deli Meat", "Aisle": "Deli", "Sku": "20796691_EA", "Regular Price": "None", "Sale Price": "4.99", "Image": "https://assets.shop.loblaws.ca/products/20796691/b1/en/front/20796691_front_a01_@2.png", "Brand": "Roma", "Url": "https://www.maxi.ca/pepperoni-caserta/p/20796691_EA", "Sub Category": null, "English Name": "Pepperoni Caserta ", "Size": "200 g", "Size Label": "ea"}, {"Category": "Deli Meat", "Aisle": "Deli", "Sku": "20181136_EA", "Regular Price": "None", "Sale Price": "11.99", "Image": "https://assets.shop.loblaws.ca/products/20181136/b1/en/front/20181136_front_a01_@2.png", "Brand": "Mastro", "Url": "https://www.maxi.ca/salami-genoa/p/20181136_EA", "Sub Category": null, "English Name": "Salami Genoa", "Size": "600 g", "Size Label": "ea"}, {"Category": "Deli Meat", "Aisle": "Deli", "Sku": "20052177_KG", "Regular Price": "None", "Sale Price": "1.98", "Image": "https://assets.shop.loblaws.ca/products/20052177/b1/en/front/20052177_front_a01_@2.png", "Brand": "Maple Leaf", "Url": "https://www.maxi.ca/bologna-chub/p/20052177_KG", "Sub Category": null, "English Name": "Bologna Chub", "Size": "$19.82/1kg $8.99/1lb", "Size Label": "g"}, {"Category": "Deli Meat", "Aisle": "Deli", "Sku": "20310083_EA", "Regular Price": "None", "Sale Price": "3.99", "Image": "https://assets.shop.loblaws.ca/products/20310083/b1/en/front/20310083_front_a01_@2.png", "Brand": "La Belle Bretagne", "Url": "https://www.maxi.ca/glazed-countrystyle-p-t-cognac/p/20310083_EA", "Sub Category": null, "English Name": "Glazed Countrystyle P\u00e2t\u00e9, Cognac", "Size": "150 g", "Size Label": "ea"}, {"Category": "Deli Meat", "Aisle": "Deli", "Sku": "20731438_EA", "Regular Price": "None", "Sale Price": "6.00", "Image": "https://assets.shop.loblaws.ca/products/20731438/b1/en/front/20731438_front_a01_@2.png", "Brand": "Royal", "Url": "https://www.maxi.ca/mock-chicken-meat-loaf/p/20731438_EA", "Sub Category": null, "English Name": "Mock Chicken Meat Loaf", "Size": "700 g", "Size Label": "ea"}, {"Category": "Deli Meat", "Aisle": "Deli", "Sku": "20730584_EA", "Regular Price": "None", "Sale Price": "6.00", "Image": "https://assets.shop.loblaws.ca/products/20730584/b1/en/front/20730584_front_a01_@2.png", "Brand": "Royal", "Url": "https://www.maxi.ca/turkey-breast-cooked/p/20730584_EA", "Sub Category": null, "English Name": "Turkey Breast, Cooked", "Size": "350 g", "Size Label": "ea"}, {"Category": "Deli Meat", "Aisle": "Deli", "Sku": "21507835_EA", "Regular Price": "None", "Sale Price": "11.99", "Image": "https://assets.shop.loblaws.ca/products/21507835/b1/en/front/21507835_front_a01_@2.png", "Brand": "Paysan", "Url": "https://www.maxi.ca/old-fashioned-cooked-ham/p/21507835_EA", "Sub Category": null, "English Name": "Old-fashioned Cooked Ham", "Size": "400 g", "Size Label": "ea"}, {"Category": "Deli Meat", "Aisle": "Deli", "Sku": "21490307_EA", "Regular Price": "None", "Sale Price": "7.49", "Image": "https://assets.shop.loblaws.ca/products/21490307/b1/en/front/21490307_front_a01_@2.png", "Brand": "Lafleur", "Url": "https://www.maxi.ca/grandma-s-cretons/p/21490307_EA", "Sub Category": null, "English Name": "Grandma's Cretons", "Size": "200 g", "Size Label": "ea"}, {"Category": "Deli Meat", "Aisle": "Deli", "Sku": "21299922_EA", "Regular Price": "None", "Sale Price": "13.99", "Image": "https://assets.shop.loblaws.ca/products/21299922/b1/en/front/21299922_front_a01_@2.png", "Brand": "Ziggy's", "Url": "https://www.maxi.ca/original-chicken-strips/p/21299922_EA", "Sub Category": null, "English Name": "Original Chicken Strips", "Size": "500 g", "Size Label": "ea"}, {"Category": "Deli Meat", "Aisle": "Deli", "Sku": "20627281_EA", "Regular Price": "None", "Sale Price": "3.99", "Image": "https://assets.shop.loblaws.ca/products/20627281/b1/en/front/20627281_front_a01_@2.png", "Brand": "Plaisirs Gastronomiques", "Url": "https://www.maxi.ca/old-fashioned-meat-p-t-de-campagne/p/20627281_EA", "Sub Category": null, "English Name": "Old-fashioned meat p\u00e2t\u00e9 de campagne", "Size": "150 g", "Size Label": "ea"}, {"Category": "Deli Meat", "Aisle": "Deli", "Sku": "21456269_EA", "Regular Price": "None", "Sale Price": "8.29", "Image": "https://assets.shop.loblaws.ca/products/21456269/b1/en/front/21456269_front_a01_@2.png", "Brand": "Perron", "Url": "https://www.maxi.ca/white-ham/p/21456269_EA", "Sub Category": null, "English Name": "White Ham", "Size": "175 g", "Size Label": "ea"}, {"Category": "Deli Meat", "Aisle": "Deli", "Sku": "21061096_EA", "Regular Price": "None", "Sale Price": "7.99", "Image": "https://assets.shop.loblaws.ca/products/21061096/b1/en/front/21061096_front_a01_@2.png", "Brand": "Mastro", "Url": "https://www.maxi.ca/genoa-hot-salami/p/21061096_EA", "Sub Category": null, "English Name": "Genoa Hot Salami", "Size": "150 g", "Size Label": "ea"}, {"Category": "Deli Meat", "Aisle": "Deli", "Sku": "20581660_EA", "Regular Price": "None", "Sale Price": "7.49", "Image": "https://assets.shop.loblaws.ca/products/20581660/b1/en/front/20581660_front_a01_@2.png", "Brand": "San Daniele", "Url": "https://www.maxi.ca/prosciutto/p/20581660_EA", "Sub Category": null, "English Name": "Prosciutto", "Size": "100 g", "Size Label": "ea"}, {"Category": "Deli Meat", "Aisle": "Deli", "Sku": "21015649_EA", "Regular Price": "None", "Sale Price": "7.99", "Image": "https://assets.shop.loblaws.ca/products/21015649/b1/en/front/21015649_front_a01_@2.png", "Brand": "Olymel", "Url": "https://www.maxi.ca/turkey-breast-cooked/p/21015649_EA", "Sub Category": null, "English Name": "Turkey Breast Cooked", "Size": "200 g", "Size Label": "ea"}, {"Category": "Deli Meat", "Aisle": "Deli", "Sku": "21449787_EA", "Regular Price": "None", "Sale Price": "11.49", "Image": "https://assets.shop.loblaws.ca/products/21449787/b1/en/front/21449787_front_a01_@2.png", "Brand": "PC Splendido", "Url": "https://www.maxi.ca/splendido-dry-cured-salami-cacciatore-with-prosciu/p/21449787_EA", "Sub Category": null, "English Name": "Splendido Dry-Cured Salami Cacciatore with Prosciutto ", "Size": "225 g", "Size Label": "ea"}, {"Category": "Deli Meat", "Aisle": "Deli", "Sku": "21551515_EA", "Regular Price": "None", "Sale Price": "7.00", "Image": "https://assets.shop.loblaws.ca/products/21551515/b1/en/front/21551515_front_a01_@2.png", "Brand": "Fantino & Mondello", "Url": "https://www.maxi.ca/original-salametti/p/21551515_EA", "Sub Category": null, "English Name": "Original Salametti", "Size": "175 g", "Size Label": "ea"}, {"Category": "Deli Meat", "Aisle": "Deli", "Sku": "21550723_EA", "Regular Price": "None", "Sale Price": "7.99", "Image": "https://assets.shop.loblaws.ca/products/21550723/b1/en/front/21550723_front_a01_@2.png", "Brand": "Maple Leaf", "Url": "https://www.maxi.ca/3-ingredients-oven-roasted-turkey-breast/p/21550723_EA", "Sub Category": null, "English Name": "3 Ingredients Oven Roasted Turkey Breast", "Size": "125 g", "Size Label": "ea"}, {"Category": "Deli Meat", "Aisle": "Deli", "Sku": "21290208_EA", "Regular Price": "None", "Sale Price": "12.99", "Image": "https://assets.shop.loblaws.ca/products/21290208/b1/en/front/21290208_front_a01_@2.png", "Brand": "Marcangelo", "Url": "https://www.maxi.ca/prosciutto-family-size/p/21290208_EA", "Sub Category": null, "English Name": "Prosciutto Family Size", "Size": "200 g", "Size Label": "ea"}, {"Category": "Deli Meat", "Aisle": "Deli", "Sku": "20319615_EA", "Regular Price": "None", "Sale Price": "6.99", "Image": "https://assets.shop.loblaws.ca/products/20319615/b1/en/front/20319615_front_a01_@2.png", "Brand": "Norel", "Url": "https://www.maxi.ca/veal-and-pork-cretonnade/p/20319615_EA", "Sub Category": null, "English Name": "Veal And Pork Cretonnade ", "Size": "300 g", "Size Label": "ea"}, {"Category": "Deli Meat", "Aisle": "Deli", "Sku": "21218549_EA", "Regular Price": "None", "Sale Price": "3.79", "Image": "https://assets.shop.loblaws.ca/products/21218549/b1/en/front/21218549_front_a01_@2.png", "Brand": "Roma", "Url": "https://www.maxi.ca/pepperoni-88/p/21218549_EA", "Sub Category": null, "English Name": "Pepperoni 88", "Size": "175 g", "Size Label": "ea"}, {"Category": "Deli Meat", "Aisle": "Deli", "Sku": "21466059_EA", "Regular Price": "None", "Sale Price": "5.00", "Image": "https://assets.shop.loblaws.ca/products/21466059/b1/en/front/21466059_front_a01_@2.png", "Brand": "Olymel", "Url": "https://www.maxi.ca/salami-2-pack/p/21466059_EA", "Sub Category": null, "English Name": "Salami, 2-pack", "Size": "400 g", "Size Label": "ea"}, {"Category": "Deli Meat", "Aisle": "Deli", "Sku": "21490306_EA", "Regular Price": "None", "Sale Price": "10.99", "Image": "https://assets.shop.loblaws.ca/products/21490306/b1/en/front/21490306_front_a01_@2.png", "Brand": "Bilopage", "Url": "https://www.maxi.ca/head-cheese/p/21490306_EA", "Sub Category": null, "English Name": "Head Cheese", "Size": "300 g", "Size Label": "ea"}, {"Category": "Deli Meat", "Aisle": "Deli", "Sku": "21022463_EA", "Regular Price": "13.99", "Sale Price": "7.99", "Image": "https://assets.shop.loblaws.ca/products/21022463/b1/en/front/21022463_front_a01_@2.png", "Brand": "Olymel", "Url": "https://www.maxi.ca/old-fashioned-smoked-ham-family-pack/p/21022463_EA", "Sub Category": null, "English Name": "Old Fashioned Smoked Ham Family Pack", "Size": "500 g", "Size Label": "ea"}, {"Category": "Deli Meat", "Aisle": "Deli", "Sku": "21529949_EA", "Regular Price": "None", "Sale Price": "7.49", "Image": "https://assets.shop.loblaws.ca/products/21529949/b1/en/front/21529949_front_a01_@2.png", "Brand": "Bilopage", "Url": "https://www.maxi.ca/cretons-original-recipe/p/21529949_EA", "Sub Category": null, "English Name": "Cretons Original Recipe", "Size": "300 g", "Size Label": "ea"}, {"Category": "Deli Meat", "Aisle": "Deli", "Sku": "21551608_EA", "Regular Price": "None", "Sale Price": "7.00", "Image": "https://assets.shop.loblaws.ca/products/21551608/b1/en/front/21551608_front_a01_@2.png", "Brand": "Fantino & Mondello", "Url": "https://www.maxi.ca/sliced-dry-pepperoni/p/21551608_EA", "Sub Category": null, "English Name": "Sliced Dry Pepperoni", "Size": "200 g", "Size Label": "ea"}, {"Category": "Deli Meat", "Aisle": "Deli", "Sku": "21049387_EA", "Regular Price": "None", "Sale Price": "6.49", "Image": "https://assets.shop.loblaws.ca/products/21049387/b1/en/front/21049387_front_a01_@2.png", "Brand": "PC Splendido", "Url": "https://www.maxi.ca/hot-genoa-salami/p/21049387_EA", "Sub Category": null, "English Name": "Hot Genoa Salami", "Size": "100 g", "Size Label": "ea"}, {"Category": "Deli Meat", "Aisle": "Deli", "Sku": "21533530_EA", "Regular Price": "None", "Sale Price": "7.49", "Image": "https://assets.shop.loblaws.ca/products/21533530/b1/en/front/21533530_front_a01_@2.png", "Brand": "Lafleur", "Url": "https://www.maxi.ca/cretons-light/p/21533530_EA", "Sub Category": null, "English Name": "Cretons Light", "Size": "280 g", "Size Label": "ea"}, {"Category": "Deli Meat", "Aisle": "Deli", "Sku": "20287717_EA", "Regular Price": "None", "Sale Price": "3.99", "Image": "https://assets.shop.loblaws.ca/products/20287717/b1/en/front/20287717_front_a01_@2.png", "Brand": "La Belle Bretagne", "Url": "https://www.maxi.ca/country-style-peppercorn-pate/p/20287717_EA", "Sub Category": null, "English Name": "Country Style Peppercorn Pate", "Size": "150 g", "Size Label": "ea"}, {"Category": "Deli Meat", "Aisle": "Deli", "Sku": "20731110_EA", "Regular Price": "None", "Sale Price": "6.00", "Image": "https://assets.shop.loblaws.ca/products/20731110/b1/en/front/20731110_front_a01_@2.png", "Brand": "Royal", "Url": "https://www.maxi.ca/chicken-breast-cooked/p/20731110_EA", "Sub Category": null, "English Name": "Chicken Breast, Cooked", "Size": "350 g", "Size Label": "ea"}, {"Category": "Deli Meat", "Aisle": "Deli", "Sku": "20731368_EA", "Regular Price": "None", "Sale Price": "6.00", "Image": "https://assets.shop.loblaws.ca/products/20731368/b1/en/front/20731368_front_a01_@2.png", "Brand": "Royal", "Url": "https://www.maxi.ca/smoked-turkey-breast/p/20731368_EA", "Sub Category": null, "English Name": "Smoked Turkey Breast", "Size": "350 g", "Size Label": "ea"}, {"Category": "Deli Meat", "Aisle": "Deli", "Sku": "20731212_EA", "Regular Price": "None", "Sale Price": "6.00", "Image": "https://assets.shop.loblaws.ca/products/20731212/b1/en/front/20731212_front_a01_@2.png", "Brand": "Royal", "Url": "https://www.maxi.ca/pepperoni/p/20731212_EA", "Sub Category": null, "English Name": "Pepperoni", "Size": "500 g", "Size Label": "ea"}, {"Category": "Deli Meat", "Aisle": "Deli", "Sku": "20731241_EA", "Regular Price": "None", "Sale Price": "6.00", "Image": "https://assets.shop.loblaws.ca/products/20731241/b1/en/front/20731241_front_a01_@2.png", "Brand": "Royal", "Url": "https://www.maxi.ca/chopped-ham-cooked/p/20731241_EA", "Sub Category": null, "English Name": "Chopped Ham, Cooked", "Size": "800 g", "Size Label": "ea"}, {"Category": "Deli Meat", "Aisle": "Deli", "Sku": "20325732_EA", "Regular Price": "None", "Sale Price": "3.99", "Image": "https://assets.shop.loblaws.ca/products/20325732/b1/en/front/20325732_front_a01_@2.png", "Brand": "La Belle Bretagne", "Url": "https://www.maxi.ca/glazed-countrystyle-p-t-old-style/p/20325732_EA", "Sub Category": null, "English Name": "Glazed Countrystyle P\u00e2t\u00e9, Old Style", "Size": "150 g", "Size Label": "ea"}, {"Category": "Deli Meat", "Aisle": "Deli", "Sku": "21012672_EA", "Regular Price": "None", "Sale Price": "7.49", "Image": "https://assets.shop.loblaws.ca/products/21012672/b1/en/front/21012672_front_a01_@2.png", "Brand": "Lafleur", "Url": "https://www.maxi.ca/chicken-bologna/p/21012672_EA", "Sub Category": null, "English Name": "Chicken Bologna", "Size": "675 g", "Size Label": "ea"}, {"Category": "Deli Meat", "Aisle": "Deli", "Sku": "21449780_EA", "Regular Price": "None", "Sale Price": "11.49", "Image": "https://assets.shop.loblaws.ca/products/21449780/b1/en/front/21449780_front_a01_@2.png", "Brand": "PC Splendido", "Url": "https://www.maxi.ca/splendido-dry-cured-salami-cacciatore-mild/p/21449780_EA", "Sub Category": null, "English Name": "Splendido Dry-Cured Salami Cacciatore Mild", "Size": "225 g", "Size Label": "ea"}, {"Category": "Deli Meat", "Aisle": "Deli", "Sku": "20008192_EA", "Regular Price": "None", "Sale Price": "7.99", "Image": "https://assets.shop.loblaws.ca/products/20008192/b1/en/front/20008192_front_a01_@2.png", "Brand": "Olymel", "Url": "https://www.maxi.ca/smoked-ham-black-forest/p/20008192_EA", "Sub Category": null, "English Name": "Smoked Ham, Black Forest", "Size": "175 g", "Size Label": "ea"}, {"Category": "Deli Meat", "Aisle": "Deli", "Sku": "21299914_EA", "Regular Price": "None", "Sale Price": "13.99", "Image": "https://assets.shop.loblaws.ca/products/21299914/b1/en/front/21299914_front_a01_@2.png", "Brand": "Ziggy's", "Url": "https://www.maxi.ca/italian-style-chicken-breast-strips/p/21299914_EA", "Sub Category": null, "English Name": "Italian-Style Chicken Breast Strips", "Size": "500 g", "Size Label": "ea"}, {"Category": "Deli Meat", "Aisle": "Deli", "Sku": "20326196_EA", "Regular Price": "None", "Sale Price": "4.49", "Image": "https://assets.shop.loblaws.ca/products/20326196/b1/en/front/20326196_front_a01_@2.png", "Brand": "Norel", "Url": "https://www.maxi.ca/poultry-and-pork-cretonnade/p/20326196_EA", "Sub Category": null, "English Name": "Poultry And Pork Cretonnade ", "Size": "150 g", "Size Label": "ea"}, {"Category": "Deli Meat", "Aisle": "Deli", "Sku": "20682855_EA", "Regular Price": "None", "Sale Price": "8.99", "Image": "https://assets.shop.loblaws.ca/products/20682855/b1/en/front/20682855_front_a01_@2.png", "Brand": "President's Choice", "Url": "https://www.maxi.ca/free-from-smoked-black-forest-ham/p/20682855_EA", "Sub Category": null, "English Name": "Free From Smoked Black Forest Ham", "Size": "175 g", "Size Label": "ea"}, {"Category": "Deli Meat", "Aisle": "Deli", "Sku": "21465951_EA", "Regular Price": "None", "Sale Price": "5.00", "Image": "https://assets.shop.loblaws.ca/products/21465951/b1/en/front/21465951_front_a01_@2.png", "Brand": "Olymel", "Url": "https://www.maxi.ca/sliced-meat-mock-chicken-meat-loaf/p/21465951_EA", "Sub Category": null, "English Name": "Sliced Meat Mock Chicken Meat Loaf", "Size": "500 g", "Size Label": "ea"}, {"Category": "Deli Meat", "Aisle": "Deli", "Sku": "20865352_EA", "Regular Price": "None", "Sale Price": "6.49", "Image": "https://assets.shop.loblaws.ca/products/20865352/b1/en/front/20865352_front_a01_@2.png", "Brand": "Marcangelo", "Url": "https://www.maxi.ca/antipasto-misto/p/20865352_EA", "Sub Category": null, "English Name": "Antipasto Misto ", "Size": "100 g", "Size Label": "ea"}, {"Category": "Deli Meat", "Aisle": "Deli", "Sku": "21046659_EA", "Regular Price": "13.99", "Sale Price": "7.99", "Image": "https://assets.shop.loblaws.ca/products/21046659/b1/en/front/21046659_front_a01_@2.png", "Brand": "Olymel", "Url": "https://www.maxi.ca/traditional-cooked-ham-club-pack/p/21046659_EA", "Sub Category": null, "English Name": "Traditional Cooked Ham, Club Pack", "Size": "500 g", "Size Label": "ea"}, {"Category": "Deli Meat", "Aisle": "Deli", "Sku": "20682855_EA", "Regular Price": "None", "Sale Price": "8.99", "Image": "https://assets.shop.loblaws.ca/products/20682855/b1/en/front/20682855_front_a01_@2.png", "Brand": "President's Choice", "Url": "https://www.maxi.ca/free-from-smoked-black-forest-ham/p/20682855_EA", "Sub Category": null, "English Name": "Free From Smoked Black Forest Ham", "Size": "175 g", "Size Label": "ea"}, {"Category": "Deli Meat", "Aisle": "Deli", "Sku": "21465951_EA", "Regular Price": "None", "Sale Price": "5.00", "Image": "https://assets.shop.loblaws.ca/products/21465951/b1/en/front/21465951_front_a01_@2.png", "Brand": "Olymel", "Url": "https://www.maxi.ca/sliced-meat-mock-chicken-meat-loaf/p/21465951_EA", "Sub Category": null, "English Name": "Sliced Meat Mock Chicken Meat Loaf", "Size": "500 g", "Size Label": "ea"}, {"Category": "Deli Meat", "Aisle": "Deli", "Sku": "20303394_EA", "Regular Price": "None", "Sale Price": "8.99", "Image": "https://assets.shop.loblaws.ca/products/20303394/b1/en/front/20303394_front_a01_@2.png", "Brand": "President's Choice", "Url": "https://www.maxi.ca/free-from-stone-roasted-ham/p/20303394_EA", "Sub Category": null, "English Name": "Free From Stone Roasted Ham", "Size": "175 g", "Size Label": "ea"}, {"Category": "Deli Meat", "Aisle": "Deli", "Sku": "20315515_EA", "Regular Price": "None", "Sale Price": "7.99", "Image": "https://assets.shop.loblaws.ca/products/20315515/b1/en/front/20315515_front_a01_@2.png", "Brand": "President's Choice", "Url": "https://www.maxi.ca/salami-with-prosciutto/p/20315515_EA", "Sub Category": null, "English Name": "Salami With Prosciutto", "Size": "150 g", "Size Label": "ea"}, {"Category": "Deli Meat", "Aisle": "Deli", "Sku": "20930836_KG", "Regular Price": "None", "Sale Price": "1.50", "Image": "https://assets.shop.loblaws.ca/products/20930836/b1/en/front/20930836_front_a01_@2.png", "Brand": null, "Url": "https://www.maxi.ca/homemade-creton/p/20930836_KG", "Sub Category": null, "English Name": "Homemade Creton", "Size": "$15.00/1kg", "Size Label": "g"}, {"Category": "Deli Meat", "Aisle": "Deli", "Sku": "21106401_EA", "Regular Price": "None", "Sale Price": "12.79", "Image": "https://assets.shop.loblaws.ca/products/21106401/b1/en/front/21106401_front_a01_@2.png", "Brand": "Ziggy's", "Url": "https://www.maxi.ca/pepperettes/p/21106401_EA", "Sub Category": null, "English Name": "Pepperettes      ", "Size": "500 g", "Size Label": "ea"}, {"Category": "Deli Meat", "Aisle": "Deli", "Sku": "21003364_EA", "Regular Price": "None", "Sale Price": "6.00", "Image": "https://assets.shop.loblaws.ca/products/21003364/b1/en/front/21003364_front_a01_@2.png", "Brand": "Royal", "Url": "https://www.maxi.ca/cooked-corned-beef/p/21003364_EA", "Sub Category": null, "English Name": "Cooked Corned Beef", "Size": "250 g", "Size Label": "ea"}, {"Category": "Deli Meat", "Aisle": "Deli", "Sku": "20731218_EA", "Regular Price": "None", "Sale Price": "6.00", "Image": "https://assets.shop.loblaws.ca/products/20731218/b1/en/front/20731218_front_a01_@2.png", "Brand": "Royal", "Url": "https://www.maxi.ca/mock-chicken-meat-loaf/p/20731218_EA", "Sub Category": null, "English Name": "Mock Chicken Meat Loaf", "Size": "800 g", "Size Label": "ea"}, {"Category": "Deli Meat", "Aisle": "Deli", "Sku": "20090793_EA", "Regular Price": "None", "Sale Price": "11.00", "Image": "https://assets.shop.loblaws.ca/products/20090793/b1/en/front/20090793_front_a01_@2.png", "Brand": "No Name", "Url": "https://www.maxi.ca/garlic-sausage-coil/p/20090793_EA", "Sub Category": null, "English Name": "Garlic Sausage Coil", "Size": "750 g", "Size Label": "ea"}, {"Category": "Deli Meat", "Aisle": "Deli", "Sku": "20326271_EA", "Regular Price": "None", "Sale Price": "3.99", "Image": "https://assets.shop.loblaws.ca/products/20326271/b1/en/front/20326271_front_a01_@2.png", "Brand": "La Belle Bretagne", "Url": "https://www.maxi.ca/liver-p-t-with-garlic/p/20326271_EA", "Sub Category": null, "English Name": "Liver P\u00e2t\u00e9 with Garlic", "Size": "150 g", "Size Label": "ea"}, {"Category": "Deli Meat", "Aisle": "Deli", "Sku": "21478542_EA", "Regular Price": "None", "Sale Price": "5.79", "Image": "https://assets.shop.loblaws.ca/products/21478542/b1/en/front/21478542_front_a01_@2.png", "Brand": "Roma", "Url": "https://www.maxi.ca/italian-style-ham-capicollo-hot/p/21478542_EA", "Sub Category": null, "English Name": "Italian Style Ham Capicollo Hot", "Size": "125 g", "Size Label": "ea"}, {"Category": "Deli Meat", "Aisle": "Deli", "Sku": "21489080_EA", "Regular Price": "None", "Sale Price": "13.99", "Image": "https://assets.shop.loblaws.ca/products/21489080/b1/en/front/21489080_front_a01_@2.png", "Brand": "Mere Michel", "Url": "https://www.maxi.ca/smoked-dinner-ham/p/21489080_EA", "Sub Category": null, "English Name": "Smoked Dinner Ham", "Size": "800 g", "Size Label": "ea"}, {"Category": "Deli Meat", "Aisle": "Deli", "Sku": "20085473_EA", "Regular Price": "None", "Sale Price": "7.49", "Image": "https://assets.shop.loblaws.ca/products/20085473/b1/en/front/20085473_front_a01_@2.png", "Brand": "Paysan", "Url": "https://www.maxi.ca/maple-cooked-ham/p/20085473_EA", "Sub Category": null, "English Name": "Maple Cooked Ham", "Size": "175 g", "Size Label": "ea"}, {"Category": "Deli Meat", "Aisle": "Deli", "Sku": "21115993_EA", "Regular Price": "7.99", "Sale Price": "6.99", "Image": "https://assets.shop.loblaws.ca/products/21115993/b1/en/front/21115993_front_a01_@2.png", "Brand": "Paysan", "Url": "https://www.maxi.ca/veal-cretonnade/p/21115993_EA", "Sub Category": null, "English Name": "Veal Cretonnade ", "Size": "2x150.0 g", "Size Label": "ea"}, {"Category": "Deli Meat", "Aisle": "Deli", "Sku": "20043731_EA", "Regular Price": "None", "Sale Price": "7.49", "Image": "https://assets.shop.loblaws.ca/products/20043731/b1/en/front/20043731_front_a01_@2.png", "Brand": "Lafleur", "Url": "https://www.maxi.ca/regular-chunk-bologna/p/20043731_EA", "Sub Category": null, "English Name": "Regular Chunk Bologna", "Size": "675 g", "Size Label": "ea"}, {"Category": "Deli Meat", "Aisle": "Deli", "Sku": "20731020_EA", "Regular Price": "None", "Sale Price": "6.00", "Image": "https://assets.shop.loblaws.ca/products/20731020/b1/en/front/20731020_front_a01_@2.png", "Brand": "Royal", "Url": "https://www.maxi.ca/old-fashioned-smoked-ham/p/20731020_EA", "Sub Category": null, "English Name": "Old Fashioned Smoked Ham", "Size": "400 g", "Size Label": "ea"}, {"Category": "Deli Meat", "Aisle": "Deli", "Sku": "21467316_EA", "Regular Price": "None", "Sale Price": "6.49", "Image": "https://assets.shop.loblaws.ca/products/21467316/b1/en/front/21467316_front_a01_@2.png", "Brand": "Lafleur", "Url": "https://www.maxi.ca/grandma-s-cretons-meat-200g/p/21467316_EA", "Sub Category": null, "English Name": "Grandma's Cretons Meat 200g", "Size": "200 g", "Size Label": "ea"}, {"Category": "Deli Meat", "Aisle": "Deli", "Sku": "21193872_EA", "Regular Price": "13.99", "Sale Price": "7.99", "Image": "https://assets.shop.loblaws.ca/products/21193872/b1/en/front/21193872_front_a01_@2.png", "Brand": "Olymel", "Url": "https://www.maxi.ca/cooked-turkey-breast-original/p/21193872_EA", "Sub Category": null, "English Name": "Cooked Turkey Breast Original", "Size": "400 g", "Size Label": "ea"}, {"Category": "Deli Meat", "Aisle": "Deli", "Sku": "21362949_EA", "Regular Price": "None", "Sale Price": "9.79", "Image": "https://assets.shop.loblaws.ca/products/21362949/b1/en/front/21362949_front_a01_@2.png", "Brand": "Roma", "Url": "https://www.maxi.ca/pepperoni-caserta-spicy/p/21362949_EA", "Sub Category": null, "English Name": "Pepperoni Caserta Spicy", "Size": "375 g", "Size Label": "ea"}, {"Category": "Deli Meat", "Aisle": "Deli", "Sku": "20088467_EA", "Regular Price": "None", "Sale Price": "5.99", "Image": "https://assets.shop.loblaws.ca/products/20088467/b1/en/front/20088467_front_a01_@2.png", "Brand": "Gaspesien", "Url": "https://www.maxi.ca/mock-chicken-loaf/p/20088467_EA", "Sub Category": null, "English Name": "Mock Chicken Loaf", "Size": "200 g", "Size Label": "ea"}, {"Category": "Deli Meat", "Aisle": "Deli", "Sku": "21290205_EA", "Regular Price": "None", "Sale Price": "13.49", "Image": "https://assets.shop.loblaws.ca/products/21290205/b1/en/front/21290205_front_a01_@2.png", "Brand": "Marcangelo", "Url": "https://www.maxi.ca/antipasto-quattro-family-size/p/21290205_EA", "Sub Category": null, "English Name": "Antipasto Quattro Family Size", "Size": "175 g", "Size Label": "ea"}, {"Category": "Deli Meat", "Aisle": "Deli", "Sku": "21021458_EA", "Regular Price": "13.99", "Sale Price": "7.99", "Image": "https://assets.shop.loblaws.ca/products/21021458/b1/en/front/21021458_front_a01_@2.png", "Brand": "Olymel", "Url": "https://www.maxi.ca/shaved-black-forest-ham/p/21021458_EA", "Sub Category": null, "English Name": "Shaved Black Forest Ham", "Size": "500 g", "Size Label": "ea"}, {"Category": "Deli Meat", "Aisle": "Deli", "Sku": "21468315_EA", "Regular Price": "None", "Sale Price": "5.00", "Image": "https://assets.shop.loblaws.ca/products/21468315/b1/en/front/21468315_front_a01_@2.png", "Brand": "Olymel", "Url": "https://www.maxi.ca/sliced-meat-bologna/p/21468315_EA", "Sub Category": null, "English Name": "Sliced Meat Bologna", "Size": "500 g", "Size Label": "ea"}, {"Category": "Deli Meat", "Aisle": "Deli", "Sku": "20040698_EA", "Regular Price": "None", "Sale Price": "11.99", "Image": "https://assets.shop.loblaws.ca/products/20040698/b1/en/front/20040698_front_a01_@2.png", "Brand": "Ziggy's", "Url": "https://www.maxi.ca/pepperoni-sliced-club-pack/p/20040698_EA", "Sub Category": null, "English Name": "Pepperoni, Sliced Club Pack", "Size": "500 g", "Size Label": "ea"}, {"Category": "Deli Meat", "Aisle": "Deli", "Sku": "21182611_EA", "Regular Price": "17.49", "Sale Price": "13.49", "Image": "https://assets.shop.loblaws.ca/products/21182611/b1/en/front/21182611_front_a01_@2.png", "Brand": "Levitts", "Url": "https://www.maxi.ca/smoked-meat-montreal-old-fashionned/p/21182611_EA", "Sub Category": null, "English Name": "Smoked Meat Montreal Old Fashionned", "Size": "500 g", "Size Label": "ea"}, {"Category": "Deli Cheese", "Aisle": "Deli", "Sku": "20575375_EA", "Regular Price": "None", "Sale Price": "12.99", "Image": "https://assets.shop.loblaws.ca/products/20575375/b1/en/front/20575375_front_a01_@2.png", "Brand": "Babybel", "Url": "https://www.maxi.ca/original-18-pack/p/20575375_EA", "Sub Category": null, "English Name": "Original, 18 Pack", "Size": "360 g", "Size Label": "ea"}, {"Category": "Deli Cheese", "Aisle": "Deli", "Sku": "20116794_EA", "Regular Price": "None", "Sale Price": "6.99", "Image": "https://assets.shop.loblaws.ca/products/20116794/b1/en/front/20116794_front_a01_@2.png", "Brand": "Boursin", "Url": "https://www.maxi.ca/herbs-garlic-cheese/p/20116794_EA", "Sub Category": null, "English Name": "Herbs Garlic Cheese", "Size": "150 g", "Size Label": "ea"}, {"Category": "Deli Cheese", "Aisle": "Deli", "Sku": "20573975_EA", "Regular Price": "6.99", "Sale Price": "4.99", "Image": "https://assets.shop.loblaws.ca/products/20573975/b1/en/front/20573975_front_a01_@2.png", "Brand": "Saputo", "Url": "https://www.maxi.ca/feta-in-brine/p/20573975_EA", "Sub Category": null, "English Name": "Feta in Brine", "Size": "200 g", "Size Label": "ea"}, {"Category": "Deli Cheese", "Aisle": "Deli", "Sku": "20574332_EA", "Regular Price": "None", "Sale Price": "4.00", "Image": "https://assets.shop.loblaws.ca/products/20574332/b1/en/front/20574332_front_a01_@2.png", "Brand": "Babybel", "Url": "https://www.maxi.ca/original-6-x-20g/p/20574332_EA", "Sub Category": null, "English Name": "Original (6 x 20g)", "Size": "120 g", "Size Label": "ea"}, {"Category": "Deli Cheese", "Aisle": "Deli", "Sku": "20787327_EA", "Regular Price": "None", "Sale Price": "6.69", "Image": "https://assets.shop.loblaws.ca/products/20787327/b1/en/front/20787327_front_a01_@2.png", "Brand": "President's Choice", "Url": "https://www.maxi.ca/double-cream-brie-cheese/p/20787327_EA", "Sub Category": null, "English Name": "Double Cream Brie Cheese", "Size": "200 g", "Size Label": "ea"}, {"Category": "Deli Cheese", "Aisle": "Deli", "Sku": "20563140_EA", "Regular Price": "None", "Sale Price": "7.79", "Image": "https://assets.shop.loblaws.ca/products/20563140/b1/en/front/20563140_front_a01_@2.png", "Brand": "Zerto", "Url": "https://www.maxi.ca/parmesan-shredded/p/20563140_EA", "Sub Category": null, "English Name": "Parmesan, Shredded", "Size": "140 g", "Size Label": "ea"}, {"Category": "Deli Cheese", "Aisle": "Deli", "Sku": "21053434_EA", "Regular Price": "None", "Sale Price": "12.99", "Image": "https://assets.shop.loblaws.ca/products/21053434/b1/en/front/21053434_front_a01_@2.png", "Brand": "PC Splendido", "Url": "https://www.maxi.ca/parmigiano-reggiano-hard-ripened-cheese-aged-24-mo/p/21053434_EA", "Sub Category": null, "English Name": "Parmigiano Reggiano Hard Ripened Cheese Aged 24 Months", "Size": "250 g", "Size Label": "ea"}, {"Category": "Deli Cheese", "Aisle": "Deli", "Sku": "20300620_EA", "Regular Price": "None", "Sale Price": "8.99", "Image": "https://assets.shop.loblaws.ca/products/20300620/b1/en/front/20300620_front_a01_@2.png", "Brand": "Babybel", "Url": "https://www.maxi.ca/original-semi-soft-ripened-cheese-12-x-20g/p/20300620_EA", "Sub Category": null, "English Name": "Original Semi-soft Ripened Cheese 12 x 20g", "Size": "240 g", "Size Label": "ea"}, {"Category": "Deli Cheese", "Aisle": "Deli", "Sku": "20546983_EA", "Regular Price": "None", "Sale Price": "6.99", "Image": "https://assets.shop.loblaws.ca/products/20546983/b1/en/front/20546983_front_a01_@2.png", "Brand": "President's Choice", "Url": "https://www.maxi.ca/ricotta-cheese/p/20546983_EA", "Sub Category": null, "English Name": "Ricotta Cheese", "Size": "454 g", "Size Label": "ea"}, {"Category": "Deli Cheese", "Aisle": "Deli", "Sku": "20219690_EA", "Regular Price": "None", "Sale Price": "9.99", "Image": "https://assets.shop.loblaws.ca/products/20219690/b1/en/front/20219690_front_a01_@2.png", "Brand": "President's Choice", "Url": "https://www.maxi.ca/feta-cheese-in-brine/p/20219690_EA", "Sub Category": null, "English Name": "Feta Cheese In Brine", "Size": "400 g", "Size Label": "ea"}, {"Category": "Deli Cheese", "Aisle": "Deli", "Sku": "20217853_EA", "Regular Price": "None", "Sale Price": "7.29", "Image": "https://assets.shop.loblaws.ca/products/20217853/b1/en/front/20217853_front_a01_@2.png", "Brand": "President's Choice", "Url": "https://www.maxi.ca/provolone-sliced-cheese/p/20217853_EA", "Sub Category": null, "English Name": "Provolone Sliced Cheese", "Size": "150 g", "Size Label": "ea"}, {"Category": "Deli Cheese", "Aisle": "Deli", "Sku": "20056397_EA", "Regular Price": "None", "Sale Price": "12.99", "Image": "https://assets.shop.loblaws.ca/products/20056397/b1/en/front/20056397_front_a01_@2.png", "Brand": "The Laughing Cow", "Url": "https://www.maxi.ca/original/p/20056397_EA", "Sub Category": null, "English Name": "Original", "Size": "535 g", "Size Label": "ea"}, {"Category": "Deli Cheese", "Aisle": "Deli", "Sku": "20591214_EA", "Regular Price": "None", "Sale Price": "6.99", "Image": "https://assets.shop.loblaws.ca/products/20591214/b1/en/front/20591214_front_a01_@2.png", "Brand": "Boursin", "Url": "https://www.maxi.ca/shallot-chive/p/20591214_EA", "Sub Category": null, "English Name": "Shallot & Chive", "Size": "150 g", "Size Label": "ea"}, {"Category": "Deli Cheese", "Aisle": "Deli", "Sku": "20319107_EA", "Regular Price": "None", "Sale Price": "4.00", "Image": "https://assets.shop.loblaws.ca/products/20319107/b1/en/front/20319107_front_a01_@2.png", "Brand": "The Laughing Cow", "Url": "https://www.maxi.ca/cheese-spreadable/p/20319107_EA", "Sub Category": null, "English Name": "Cheese, Spreadable", "Size": "133 g", "Size Label": "ea"}, {"Category": "Deli Cheese", "Aisle": "Deli", "Sku": "20573976_EA", "Regular Price": "6.99", "Sale Price": "4.99", "Image": "https://assets.shop.loblaws.ca/products/20573976/b1/en/front/20573976_front_a01_@2.png", "Brand": "Saputo", "Url": "https://www.maxi.ca/feta-in-brine-light/p/20573976_EA", "Sub Category": null, "English Name": "Feta in Brine, Light", "Size": "200 g", "Size Label": "ea"}, {"Category": "Deli Cheese", "Aisle": "Deli", "Sku": "21201454_EA", "Regular Price": "None", "Sale Price": "3.00", "Image": "https://assets.shop.loblaws.ca/products/21201454/b1/en/front/21201454_front_a01_@2.png", "Brand": "The Laughing Cow", "Url": "https://www.maxi.ca/cheese-dippers-original/p/21201454_EA", "Sub Category": null, "English Name": "Cheese Dippers, Original", "Size": "140 g", "Size Label": "ea"}, {"Category": "Deli Cheese", "Aisle": "Deli", "Sku": "20000584_EA", "Regular Price": "None", "Sale Price": "6.99", "Image": "https://assets.shop.loblaws.ca/products/20000584/b1/en/front/20000584_front_a01_@2.png", "Brand": "President's Choice", "Url": "https://www.maxi.ca/goat-cheese/p/20000584_EA", "Sub Category": null, "English Name": "Goat Cheese", "Size": "140 g", "Size Label": "ea"}, {"Category": "Deli Cheese", "Aisle": "Deli", "Sku": "20093652_EA", "Regular Price": "None", "Sale Price": "8.29", "Image": "https://assets.shop.loblaws.ca/products/20093652/b1/en/front/20093652_front_a01_@2.png", "Brand": "Tre Stelle", "Url": "https://www.maxi.ca/ricotta/p/20093652_EA", "Sub Category": null, "English Name": "Ricotta", "Size": "475 g", "Size Label": "ea"}, {"Category": "Deli Cheese", "Aisle": "Deli", "Sku": "21306422_EA", "Regular Price": "None", "Sale Price": "6.99", "Image": "https://assets.shop.loblaws.ca/products/21306422/b1/en/front/21306422_front_a01_@2.png", "Brand": "PC Splendido", "Url": "https://www.maxi.ca/parmigiano-grated/p/21306422_EA", "Sub Category": null, "English Name": "Parmigiano Grated", "Size": "100 g", "Size Label": "ea"}, {"Category": "Deli Cheese", "Aisle": "Deli", "Sku": "21495455_EA", "Regular Price": "None", "Sale Price": "7.99", "Image": "https://assets.shop.loblaws.ca/products/21495455/b1/en/front/21495455_front_a01_@2.png", "Brand": "Balderson", "Url": "https://www.maxi.ca/cheddar-cheese-extra-old-35-m-f/p/21495455_EA", "Sub Category": null, "English Name": "Cheddar Cheese Extra Old 35% M.F.", "Size": "250 g", "Size Label": "ea"}, {"Category": "Deli Cheese", "Aisle": "Deli", "Sku": "20330259_EA", "Regular Price": "None", "Sale Price": "6.99", "Image": "https://assets.shop.loblaws.ca/products/20330259/b1/en/front/20330259_front_a01_@2.png", "Brand": "PC Blue Menu", "Url": "https://www.maxi.ca/soft-unripened-goat-s-milk-cheese/p/20330259_EA", "Sub Category": null, "English Name": "Soft Unripened Goat's Milk Cheese", "Size": "140 g", "Size Label": "ea"}, {"Category": "Deli Cheese", "Aisle": "Deli", "Sku": "21004922_EA", "Regular Price": "None", "Sale Price": "6.00", "Image": "https://assets.shop.loblaws.ca/products/21004922/b1/en/front/21004922_front_a01_@2.png", "Brand": "Ziggy's", "Url": "https://www.maxi.ca/mozzarella-ball/p/21004922_EA", "Sub Category": null, "English Name": "Mozzarella Ball", "Size": "340 g", "Size Label": "ea"}, {"Category": "Deli Cheese", "Aisle": "Deli", "Sku": "20575904_EA", "Regular Price": "None", "Sale Price": "4.00", "Image": "https://assets.shop.loblaws.ca/products/20575904/b1/en/front/20575904_front_a01_@2.png", "Brand": "Babybel", "Url": "https://www.maxi.ca/light/p/20575904_EA", "Sub Category": null, "English Name": "Light", "Size": "120 g", "Size Label": "ea"}, {"Category": "Deli Cheese", "Aisle": "Deli", "Sku": "20099585_EA", "Regular Price": "None", "Sale Price": "12.99", "Image": "https://assets.shop.loblaws.ca/products/20099585/b1/en/front/20099585_front_a01_@2.png", "Brand": "Ziggy's", "Url": "https://www.maxi.ca/swiss-cheese-slices-club-pack/p/20099585_EA", "Sub Category": null, "English Name": "Swiss Cheese Slices, Club Pack", "Size": "500 g", "Size Label": "ea"}, {"Category": "Deli Cheese", "Aisle": "Deli", "Sku": "20563213_EA", "Regular Price": "None", "Sale Price": "7.99", "Image": "https://assets.shop.loblaws.ca/products/20563213/b1/en/front/20563213_front_a01_@2.png", "Brand": "President's Choice", "Url": "https://www.maxi.ca/halloom-semi-soft-unripened-cheese/p/20563213_EA", "Sub Category": null, "English Name": "Halloom\u00a0Semi-Soft\u00a0Unripened\u00a0Cheese\u00a0", "Size": "250 g", "Size Label": "ea"}, {"Category": "Deli Cheese", "Aisle": "Deli", "Sku": "20591219_EA", "Regular Price": "None", "Sale Price": "6.99", "Image": "https://assets.shop.loblaws.ca/products/20591219/b1/en/front/20591219_front_a01_@2.png", "Brand": "Boursin", "Url": "https://www.maxi.ca/cranberry-pepper/p/20591219_EA", "Sub Category": null, "English Name": "Cranberry & Pepper", "Size": "150 g", "Size Label": "ea"}, {"Category": "Deli Cheese", "Aisle": "Deli", "Sku": "20841056_EA", "Regular Price": "None", "Sale Price": "6.49", "Image": "https://assets.shop.loblaws.ca/products/20841056/b1/en/front/20841056_front_a01_@2.png", "Brand": null, "Url": "https://www.maxi.ca/fresh-white-cheese/p/20841056_EA", "Sub Category": null, "English Name": "Fresh White Cheese", "Size": "230 g", "Size Label": "ea"}, {"Category": "Deli Cheese", "Aisle": "Deli", "Sku": "20774519_EA", "Regular Price": "6.99", "Sale Price": "4.99", "Image": "https://assets.shop.loblaws.ca/products/20774519/b1/en/front/20774519_front_a01_@2.png", "Brand": "Saputo", "Url": "https://www.maxi.ca/feta-cheese-crumbled-24-m-f/p/20774519_EA", "Sub Category": null, "English Name": "Feta Cheese Crumbled 24% M.F.", "Size": "170 g", "Size Label": "ea"}, {"Category": "Deli Cheese", "Aisle": "Deli", "Sku": "20847596_EA", "Regular Price": "None", "Sale Price": "14.99", "Image": "https://assets.shop.loblaws.ca/products/20847596/b1/en/front/20847596_front_a01_@2.png", "Brand": "Bergeron", "Url": "https://www.maxi.ca/gouda-mild/p/20847596_EA", "Sub Category": null, "English Name": "Gouda, Mild", "Size": "500 g", "Size Label": "ea"}, {"Category": "Deli Cheese", "Aisle": "Deli", "Sku": "20907637_EA", "Regular Price": "None", "Sale Price": "6.00", "Image": "https://assets.shop.loblaws.ca/products/20907637/b1/en/front/20907637_front_a01_@2.png", "Brand": "Royal", "Url": "https://www.maxi.ca/mild-cheddar-cheese-slices/p/20907637_EA", "Sub Category": null, "English Name": "Mild Cheddar Cheese Slices", "Size": "220 g", "Size Label": "ea"}, {"Category": "Deli Cheese", "Aisle": "Deli", "Sku": "20059948_EA", "Regular Price": "None", "Sale Price": "8.79", "Image": "https://assets.shop.loblaws.ca/products/20059948/b1/en/front/20059948_front_a01_@2.png", "Brand": "President's Choice", "Url": "https://www.maxi.ca/cheese-fondue-swiss/p/20059948_EA", "Sub Category": null, "English Name": "Cheese Fondue, Swiss", "Size": "400 g", "Size Label": "ea"}, {"Category": "Deli Cheese", "Aisle": "Deli", "Sku": "20249985_EA", "Regular Price": "None", "Sale Price": "13.49", "Image": "https://assets.shop.loblaws.ca/products/20249985/b1/en/front/20249985_front_a01_@2.png", "Brand": "President's Choice", "Url": "https://www.maxi.ca/swiss-cheese-sliced-30-m-f-club-pack/p/20249985_EA", "Sub Category": null, "English Name": "Swiss Cheese Sliced 30% M.F. Club Pack", "Size": "500 g", "Size Label": "ea"}, {"Category": "Deli Cheese", "Aisle": "Deli", "Sku": "20160091_EA", "Regular Price": "None", "Sale Price": "10.49", "Image": "https://assets.shop.loblaws.ca/products/20160091/b1/en/front/20160091_front_a01_@2.png", "Brand": "The Laughing Cow", "Url": "https://www.maxi.ca/cheese-wedges/p/20160091_EA", "Sub Category": null, "English Name": "Cheese wedges", "Size": "400 g", "Size Label": "ea"}, {"Category": "Deli Cheese", "Aisle": "Deli", "Sku": "20583715_EA", "Regular Price": "None", "Sale Price": "8.99", "Image": "https://assets.shop.loblaws.ca/products/20583715/b1/en/front/20583715_front_a01_@2.png", "Brand": "President's Choice", "Url": "https://www.maxi.ca/brie-triple-cr-me-brie-cheese/p/20583715_EA", "Sub Category": null, "English Name": "Brie Triple Cr\u00e8me Brie Cheese", "Size": "200 g", "Size Label": "ea"}, {"Category": "Deli Cheese", "Aisle": "Deli", "Sku": "20022525_EA", "Regular Price": "None", "Sale Price": "12.99", "Image": "https://assets.shop.loblaws.ca/products/20022525/b1/en/front/20022525_front_a01_@2.png", "Brand": "The Laughing Cow", "Url": "https://www.maxi.ca/light-cheese/p/20022525_EA", "Sub Category": null, "English Name": "Light Cheese", "Size": "535 g", "Size Label": "ea"}, {"Category": "Deli Cheese", "Aisle": "Deli", "Sku": "20529457_EA", "Regular Price": "None", "Sale Price": "8.29", "Image": "https://assets.shop.loblaws.ca/products/20529457/b1/en/front/20529457_front_a01_@2.png", "Brand": "Tre Stelle", "Url": "https://www.maxi.ca/ricotta-light/p/20529457_EA", "Sub Category": null, "English Name": "Ricotta, Light", "Size": "475 g", "Size Label": "ea"}, {"Category": "Deli Cheese", "Aisle": "Deli", "Sku": "20177193_EA", "Regular Price": "None", "Sale Price": "7.99", "Image": "https://assets.shop.loblaws.ca/products/20177193/b1/en/front/20177193_front_a01_@2.png", "Brand": "Agropur Signature", "Url": "https://www.maxi.ca/notre-dame-brie-cheese/p/20177193_EA", "Sub Category": null, "English Name": "Notre-Dame Brie Cheese", "Size": "170 g", "Size Label": "ea"}, {"Category": "Deli Cheese", "Aisle": "Deli", "Sku": "20986112_EA", "Regular Price": "None", "Sale Price": "7.29", "Image": "https://assets.shop.loblaws.ca/products/20986112/b1/en/front/20986112_front_a01_@2.png", "Brand": "Castello", "Url": "https://www.maxi.ca/cream-cheese-spread-pineapple/p/20986112_EA", "Sub Category": null, "English Name": "Cream Cheese Spread, Pineapple", "Size": "125 g", "Size Label": "ea"}, {"Category": "Deli Cheese", "Aisle": "Deli", "Sku": "21170802_EA", "Regular Price": "None", "Sale Price": "6.99", "Image": "https://assets.shop.loblaws.ca/products/21170802/b1/en/front/21170802_front_a01_@2.png", "Brand": "Boursin", "Url": "https://www.maxi.ca/apple-and-maple-fresh-soft-white-cheese/p/21170802_EA", "Sub Category": null, "English Name": "Apple And Maple, Fresh Soft White Cheese", "Size": "150 g", "Size Label": "ea"}, {"Category": "Deli Cheese", "Aisle": "Deli", "Sku": "21547562_EA", "Regular Price": "None", "Sale Price": "6.29", "Image": "https://assets.shop.loblaws.ca/products/21547562/b1/en/front/21547562_front_a01_@2.png", "Brand": "Ile De France", "Url": "https://www.maxi.ca/petit-brie-cheese/p/21547562_EA", "Sub Category": null, "English Name": "Petit Brie Cheese", "Size": "125 g", "Size Label": "ea"}, {"Category": "Deli Cheese", "Aisle": "Deli", "Sku": "21350676_EA", "Regular Price": "None", "Sale Price": "6.99", "Image": "https://assets.shop.loblaws.ca/products/21350676/b1/en/front/21350676_front_a01_@2.png", "Brand": null, "Url": "https://www.maxi.ca/mont-jacob/p/21350676_EA", "Sub Category": null, "English Name": "Mont Jacob", "Size": "130 g", "Size Label": "ea"}, {"Category": "Deli Cheese", "Aisle": "Deli", "Sku": "21469995_EA", "Regular Price": "None", "Sale Price": "6.99", "Image": "https://assets.shop.loblaws.ca/products/21469995/b1/en/front/21469995_front_a01_@2.png", "Brand": "Bergeron", "Url": "https://www.maxi.ca/le-seigneur-de-tilly-ripened-firm-cheese-18-months/p/21469995_EA", "Sub Category": null, "English Name": "Le Seigneur De Tilly Ripened Firm Cheese 18 Months Aged And Light 15% M.F.", "Size": "170 g", "Size Label": "ea"}, {"Category": "Deli Cheese", "Aisle": "Deli", "Sku": "20428574_EA", "Regular Price": "None", "Sale Price": "6.49", "Image": "https://assets.shop.loblaws.ca/products/20428574/b1/en/front/20428574_front_a01_@2.png", "Brand": "Castello", "Url": "https://www.maxi.ca/traditional-blue-wedge/p/20428574_EA", "Sub Category": null, "English Name": "Traditional Blue Wedge", "Size": "125 g", "Size Label": "ea"}, {"Category": "Deli Cheese", "Aisle": "Deli", "Sku": "20064979_EA", "Regular Price": "None", "Sale Price": "9.49", "Image": "https://assets.shop.loblaws.ca/products/20064979/b1/en/front/20064979_front_a01_@2.png", "Brand": "Alexis Portneuf", "Url": "https://www.maxi.ca/soft-surface-ripened-cheese-with-washed-rind-mediu/p/20064979_EA", "Sub Category": null, "English Name": "Soft Surface Ripened Cheese With Washed Rind Medium", "Size": "125 g", "Size Label": "ea"}, {"Category": "Deli Cheese", "Aisle": "Deli", "Sku": "21372543_EA", "Regular Price": "None", "Sale Price": "7.89", "Image": "https://assets.loblaws.ca/pcx_bronx_fe_assets/images/common/coming-soon-en-web.png", "Brand": null, "Url": "https://www.maxi.ca/noble-cheese/p/21372543_EA", "Sub Category": null, "English Name": "Noble Cheese", "Size": "150 g", "Size Label": "ea"}, {"Category": "Deli Cheese", "Aisle": "Deli", "Sku": "20158853_EA", "Regular Price": "None", "Sale Price": "21.29", "Image": "https://assets.shop.loblaws.ca/products/20158853/b1/en/front/20158853_front_a01_@2.png", "Brand": "Vache a Maillotte", "Url": "https://www.maxi.ca/chedder-cheese-poutine-curds/p/20158853_EA", "Sub Category": null, "English Name": "Chedder Cheese Poutine Curds", "Size": "1 kg", "Size Label": "ea"}, {"Category": "Deli Cheese", "Aisle": "Deli", "Sku": "20296234_EA", "Regular Price": "None", "Sale Price": "7.49", "Image": "https://assets.shop.loblaws.ca/products/20296234/b1/en/front/20296234_front_a01_@2.png", "Brand": "The Laughing Cow", "Url": "https://www.maxi.ca/light-cheese/p/20296234_EA", "Sub Category": null, "English Name": "Light Cheese", "Size": "267 g", "Size Label": "ea"}, {"Category": "Deli Cheese", "Aisle": "Deli", "Sku": "21338642_EA", "Regular Price": "None", "Sale Price": "6.29", "Image": "https://assets.shop.loblaws.ca/products/21338642/b1/en/front/21338642_front_a01_@2.png", "Brand": "Fritz Kaiser", "Url": "https://www.maxi.ca/cheese-m-f-29/p/21338642_EA", "Sub Category": null, "English Name": "Cheese M.F. 29%", "Size": "180 g", "Size Label": "ea"}, {"Category": "Deli Cheese", "Aisle": "Deli", "Sku": "20416277_EA", "Regular Price": "None", "Sale Price": "11.79", "Image": "https://assets.shop.loblaws.ca/products/20416277/b1/en/front/20416277_front_a01_@2.png", "Brand": "Balderson", "Url": "https://www.maxi.ca/old-cheddar/p/20416277_EA", "Sub Category": null, "English Name": "Old Cheddar", "Size": "280 g", "Size Label": "ea"}, {"Category": "Deli Cheese", "Aisle": "Deli", "Sku": "21338642_EA", "Regular Price": "None", "Sale Price": "6.29", "Image": "https://assets.shop.loblaws.ca/products/21338642/b1/en/front/21338642_front_a01_@2.png", "Brand": "Fritz Kaiser", "Url": "https://www.maxi.ca/cheese-m-f-29/p/21338642_EA", "Sub Category": null, "English Name": "Cheese M.F. 29%", "Size": "180 g", "Size Label": "ea"}, {"Category": "Deli Cheese", "Aisle": "Deli", "Sku": "20436653_EA", "Regular Price": "None", "Sale Price": "7.49", "Image": "https://assets.shop.loblaws.ca/products/20436653/b1/en/front/20436653_front_a01_@2.png", "Brand": "Riviera", "Url": "https://www.maxi.ca/swiss-cheese-27-m-f/p/20436653_EA", "Sub Category": null, "English Name": "Swiss Cheese 27 % M.F.", "Size": "200 g", "Size Label": "ea"}, {"Category": "Deli Cheese", "Aisle": "Deli", "Sku": "20934580_EA", "Regular Price": "None", "Sale Price": "8.69", "Image": "https://assets.shop.loblaws.ca/products/20934580/b1/en/front/20934580_front_a01_@2.png", "Brand": "Bergeron", "Url": "https://www.maxi.ca/patte-blanche/p/20934580_EA", "Sub Category": null, "English Name": "Patte Blanche", "Size": "170 g", "Size Label": "ea"}, {"Category": "Deli Cheese", "Aisle": "Deli", "Sku": "20426302_EA", "Regular Price": "None", "Sale Price": "6.49", "Image": "https://assets.shop.loblaws.ca/products/20426302/b1/en/front/20426302_front_a01_@2.png", "Brand": "Castello", "Url": "https://www.maxi.ca/extra-creamy-blue-cheese-wedge/p/20426302_EA", "Sub Category": null, "English Name": "Extra Creamy Blue Cheese Wedge", "Size": "125 g", "Size Label": "ea"}, {"Category": "Deli Cheese", "Aisle": "Deli", "Sku": "21397497_EA", "Regular Price": "None", "Sale Price": "7.59", "Image": "https://assets.shop.loblaws.ca/products/21397497/b1/en/front/21397497_front_a01_@2.png", "Brand": "Monsieur Gustav", "Url": "https://www.maxi.ca/medium-gouda/p/21397497_EA", "Sub Category": null, "English Name": "Medium Gouda", "Size": "170 g", "Size Label": "ea"}, {"Category": "Deli Cheese", "Aisle": "Deli", "Sku": "21199599_EA", "Regular Price": "None", "Sale Price": "9.49", "Image": "https://assets.shop.loblaws.ca/products/21199599/b1/en/front/21199599_front_a01_@2.png", "Brand": null, "Url": "https://www.maxi.ca/m-f-29-semi-soft-surface-ripened-cheese-washed-rin/p/21199599_EA", "Sub Category": null, "English Name": "M.F. 29% Semi-Soft Surface-Ripened Cheese, Washed Rind", "Size": "140 g", "Size Label": "ea"}, {"Category": "Deli Cheese", "Aisle": "Deli", "Sku": "20934572_EA", "Regular Price": "None", "Sale Price": "8.79", "Image": "https://assets.shop.loblaws.ca/products/20934572/b1/en/front/20934572_front_a01_@2.png", "Brand": "Bergeron", "Url": "https://www.maxi.ca/calumet-cheese/p/20934572_EA", "Sub Category": null, "English Name": "Calumet Cheese", "Size": "200 g", "Size Label": "ea"}, {"Category": "Deli Cheese", "Aisle": "Deli", "Sku": "20296631_EA", "Regular Price": "None", "Sale Price": "6.99", "Image": "https://assets.shop.loblaws.ca/products/20296631/b1/en/front/20296631_front_a01_@2.png", "Brand": "President's Choice", "Url": "https://www.maxi.ca/herbed-goat-s-milk-cheese/p/20296631_EA", "Sub Category": null, "English Name": "Herbed Goat's Milk Cheese", "Size": "140 g", "Size Label": "ea"}, {"Category": "Deli Cheese", "Aisle": "Deli", "Sku": "21051115_EA", "Regular Price": "6.99", "Sale Price": "4.99", "Image": "https://assets.shop.loblaws.ca/products/21051115/b1/en/front/21051115_front_a01_@2.png", "Brand": "Saputo", "Url": "https://www.maxi.ca/feta-cheese-in-brine/p/21051115_EA", "Sub Category": null, "English Name": "Feta Cheese in Brine", "Size": "170 g", "Size Label": "ea"}, {"Category": "Deli Cheese", "Aisle": "Deli", "Sku": "21051061_EA", "Regular Price": "6.99", "Sale Price": "4.99", "Image": "https://assets.shop.loblaws.ca/products/21051061/b1/en/front/21051061_front_a01_@2.png", "Brand": "Saputo", "Url": "https://www.maxi.ca/feta-cheese-olives-22-m-f/p/21051061_EA", "Sub Category": null, "English Name": "Feta Cheese Olives 22 % M.F.", "Size": "170 g", "Size Label": "ea"}, {"Category": "Deli Cheese", "Aisle": "Deli", "Sku": "20599157_EA", "Regular Price": "None", "Sale Price": "9.29", "Image": "https://assets.shop.loblaws.ca/products/20599157/b1/en/front/20599157_front_a01_@2.png", "Brand": "Tre Stelle", "Url": "https://www.maxi.ca/feta-cubes/p/20599157_EA", "Sub Category": null, "English Name": "Feta, Cubes", "Size": "200 g", "Size Label": "ea"}, {"Category": "Deli Cheese", "Aisle": "Deli", "Sku": "20873094_EA", "Regular Price": "None", "Sale Price": "11.29", "Image": "https://assets.shop.loblaws.ca/products/20873094/b1/en/front/20873094_front_a01_@2.png", "Brand": "Perron", "Url": "https://www.maxi.ca/4-year-cheddar-cheese/p/20873094_EA", "Sub Category": null, "English Name": "4 Year Cheddar Cheese", "Size": "170 g", "Size Label": "ea"}, {"Category": "Deli Cheese", "Aisle": "Deli", "Sku": "21199591_EA", "Regular Price": "None", "Sale Price": "7.99", "Image": "https://assets.shop.loblaws.ca/products/21199591/b1/en/front/21199591_front_a01_@2.png", "Brand": null, "Url": "https://www.maxi.ca/m-f-27-semi-soft-blue-veined-cheese/p/21199591_EA", "Sub Category": null, "English Name": "M.F. 27% Semi-Soft, Blue-Veined Cheese ", "Size": "100 g", "Size Label": "ea"}, {"Category": "Deli Cheese", "Aisle": "Deli", "Sku": "21397280_EA", "Regular Price": "None", "Sale Price": "7.69", "Image": "https://assets.shop.loblaws.ca/products/21397280/b1/en/front/21397280_front_a01_@2.png", "Brand": "Monsieur Gustav", "Url": "https://www.maxi.ca/caraway-seeds-gouda/p/21397280_EA", "Sub Category": null, "English Name": "Caraway Seeds Gouda", "Size": "170 g", "Size Label": "ea"}, {"Category": "Deli Cheese", "Aisle": "Deli", "Sku": "20112839_EA", "Regular Price": "None", "Sale Price": "15.99", "Image": "https://assets.shop.loblaws.ca/products/20112839/b1/en/front/20112839_front_a01_@2.png", "Brand": "Saputo", "Url": "https://www.maxi.ca/cocktail-bocconcini/p/20112839_EA", "Sub Category": null, "English Name": "Cocktail Bocconcini", "Size": "500 g", "Size Label": "ea"}, {"Category": "Deli Cheese", "Aisle": "Deli", "Sku": "21350187_EA", "Regular Price": "None", "Sale Price": "6.99", "Image": "https://assets.loblaws.ca/pcx_bronx_fe_assets/images/common/coming-soon-en-web.png", "Brand": null, "Url": "https://www.maxi.ca/heese/p/21350187_EA", "Sub Category": null, "English Name": "heese", "Size": "130 g", "Size Label": "ea"}, {"Category": "Deli Cheese", "Aisle": "Deli", "Sku": "21311220_EA", "Regular Price": "None", "Sale Price": "3.29", "Image": "https://assets.shop.loblaws.ca/products/21311220/b1/en/front/21311220_front_a01_@2.png", "Brand": "Tre Stelle", "Url": "https://www.maxi.ca/100-romano-27-m-f-cheese-grated/p/21311220_EA", "Sub Category": null, "English Name": "100% Romano 27% M.F. Cheese Grated", "Size": "80 g", "Size Label": "ea"}, {"Category": "Deli Cheese", "Aisle": "Deli", "Sku": "21012275_EA", "Regular Price": "None", "Sale Price": "12.00", "Image": "https://assets.shop.loblaws.ca/products/21012275/b1/en/front/21012275_front_a01_@2.png", "Brand": "Royal", "Url": "https://www.maxi.ca/double-cr-me-brie-cheese/p/21012275_EA", "Sub Category": null, "English Name": "Double Cr\u00e8me Brie Cheese", "Size": "550 g", "Size Label": "ea"}, {"Category": "Deli Cheese", "Aisle": "Deli", "Sku": "20130433_EA", "Regular Price": "None", "Sale Price": "14.69", "Image": "https://assets.shop.loblaws.ca/products/20130433/b1/en/front/20130433_front_a01_@2.png", "Brand": "Tre Stelle", "Url": "https://www.maxi.ca/mascarpone/p/20130433_EA", "Sub Category": null, "English Name": "Mascarpone", "Size": "475 g", "Size Label": "ea"}, {"Category": "Deli Cheese", "Aisle": "Deli", "Sku": "20824850_EA", "Regular Price": "None", "Sale Price": "9.79", "Image": "https://assets.shop.loblaws.ca/products/20824850/b1/en/front/20824850_front_a01_@2.png", "Brand": "PC Blue Menu", "Url": "https://www.maxi.ca/goat-cheese/p/20824850_EA", "Sub Category": null, "English Name": "Goat Cheese", "Size": "300 g", "Size Label": "ea"}, {"Category": "Deli Cheese", "Aisle": "Deli", "Sku": "21051121_EA", "Regular Price": "7.59", "Sale Price": "4.99", "Image": "https://assets.shop.loblaws.ca/products/21051121/b1/en/front/21051121_front_a01_@2.png", "Brand": "Saputo", "Url": "https://www.maxi.ca/mini-bocconcini-18-mf/p/21051121_EA", "Sub Category": null, "English Name": "Mini Bocconcini, 18% MF", "Size": "200 g", "Size Label": "ea"}, {"Category": "Deli Cheese", "Aisle": "Deli", "Sku": "20109214_EA", "Regular Price": "None", "Sale Price": "7.49", "Image": "https://assets.shop.loblaws.ca/products/20109214/b1/en/front/20109214_front_a01_@2.png", "Brand": "Royal", "Url": "https://www.maxi.ca/parmesan-fondue/p/20109214_EA", "Sub Category": null, "English Name": "Parmesan Fondue", "Size": "675 g", "Size Label": "ea"}, {"Category": "Deli Cheese", "Aisle": "Deli", "Sku": "21377494_EA", "Regular Price": "None", "Sale Price": "7.29", "Image": "https://assets.loblaws.ca/pcx_bronx_fe_assets/images/common/coming-soon-en-web.png", "Brand": null, "Url": "https://www.maxi.ca/cheese/p/21377494_EA", "Sub Category": null, "English Name": "Cheese", "Size": "160 g", "Size Label": "ea"}, {"Category": "Deli Cheese", "Aisle": "Deli", "Sku": "20872093_EA", "Regular Price": "None", "Sale Price": "8.29", "Image": "https://assets.shop.loblaws.ca/products/20872093/b1/en/front/20872093_front_a01_@2.png", "Brand": "Fromages CDA", "Url": "https://www.maxi.ca/louis-dubois-cheese/p/20872093_EA", "Sub Category": null, "English Name": "Louis Dubois Cheese", "Size": "6x170.0 g", "Size Label": "ea"}, {"Category": "Deli Cheese", "Aisle": "Deli", "Sku": "20558986_EA", "Regular Price": "None", "Sale Price": "7.99", "Image": "https://assets.shop.loblaws.ca/products/20558986/b1/en/front/20558986_front_a01_@2.png", "Brand": "President's Choice", "Url": "https://www.maxi.ca/herb-garlic-halloom/p/20558986_EA", "Sub Category": null, "English Name": "Herb & Garlic Halloom", "Size": "250 g", "Size Label": "ea"}, {"Category": "Deli Cheese", "Aisle": "Deli", "Sku": "20907851_EA", "Regular Price": "None", "Sale Price": "6.00", "Image": "https://assets.shop.loblaws.ca/products/20907851/b1/en/front/20907851_front_a01_@2.png", "Brand": "Royal", "Url": "https://www.maxi.ca/light-swiss-cheese-slices/p/20907851_EA", "Sub Category": null, "English Name": "Light Swiss Cheese Slices", "Size": "200 g", "Size Label": "ea"}, {"Category": "Deli Cheese", "Aisle": "Deli", "Sku": "21387012_EA", "Regular Price": "None", "Sale Price": "11.99", "Image": "https://assets.shop.loblaws.ca/products/21387012/b1/en/front/21387012_front_a01_@2.png", "Brand": "Jarlsberg", "Url": "https://www.maxi.ca/cheese/p/21387012_EA", "Sub Category": null, "English Name": "Cheese", "Size": "250 g", "Size Label": "ea"}, {"Category": "Deli Cheese", "Aisle": "Deli", "Sku": "21372545_EA", "Regular Price": "None", "Sale Price": "13.49", "Image": "https://assets.shop.loblaws.ca/products/21372545/b1/en/front/21372545_front_a01_@2.png", "Brand": "Champetre", "Url": "https://www.maxi.ca/semi-soft-surface-ripened-cheese-sliced-raclette-2/p/21372545_EA", "Sub Category": null, "English Name": "Semi-Soft Surface Ripened Cheese Sliced Raclette 26% M.F.", "Size": "260 g", "Size Label": "ea"}, {"Category": "Deli Cheese", "Aisle": "Deli", "Sku": "21427607_EA", "Regular Price": "None", "Sale Price": "7.79", "Image": "https://assets.shop.loblaws.ca/products/21427607/b1/en/front/21427607_front_a01_@2.png", "Brand": "Fromages CDA", "Url": "https://www.maxi.ca/semi-soft-surface-ripened-cheese/p/21427607_EA", "Sub Category": null, "English Name": "Semi-Soft Surface Ripened Cheese", "Size": "8x150.0 g", "Size Label": "ea"}, {"Category": "Deli Cheese", "Aisle": "Deli", "Sku": "20907695_EA", "Regular Price": "None", "Sale Price": "6.00", "Image": "https://assets.shop.loblaws.ca/products/20907695/b1/en/front/20907695_front_a01_@2.png", "Brand": "Royal", "Url": "https://www.maxi.ca/light-havarti-cheese-slices/p/20907695_EA", "Sub Category": null, "English Name": "Light Havarti Cheese Slices", "Size": "200 g", "Size Label": "ea"}, {"Category": "Deli Cheese", "Aisle": "Deli", "Sku": "20872095_EA", "Regular Price": "None", "Sale Price": "8.49", "Image": "https://assets.shop.loblaws.ca/products/20872095/b1/en/front/20872095_front_a01_@2.png", "Brand": "Fromages CDA", "Url": "https://www.maxi.ca/raclette-de-appalaches-sliced-cheese/p/20872095_EA", "Sub Category": null, "English Name": "Raclette de Appalaches Sliced Cheese", "Size": "6x150.0 g", "Size Label": "ea"}, {"Category": "Deli Cheese", "Aisle": "Deli", "Sku": "21510642_EA", "Regular Price": "None", "Sale Price": "7.29", "Image": "https://assets.shop.loblaws.ca/products/21510642/b1/en/front/21510642_front_a01_@2.png", "Brand": "Boursin", "Url": "https://www.maxi.ca/cuisine-garlic-fine-herbs-12-m-f/p/21510642_EA", "Sub Category": null, "English Name": "Cuisine Garlic & Fine Herbs 12 % M.F.", "Size": "220 g", "Size Label": "ea"}, {"Category": "Deli Cheese", "Aisle": "Deli", "Sku": "21331878_EA", "Regular Price": "None", "Sale Price": "9.39", "Image": "https://assets.shop.loblaws.ca/products/21331878/b1/en/front/21331878_front_a01_@2.png", "Brand": "Boursin", "Url": "https://www.maxi.ca/garlic-herbs/p/21331878_EA", "Sub Category": null, "English Name": "Garlic & Herbs", "Size": "250 g", "Size Label": "ea"}, {"Category": "Deli Cheese", "Aisle": "Deli", "Sku": "20134710_EA", "Regular Price": "None", "Sale Price": "16.49", "Image": "https://assets.shop.loblaws.ca/products/20134710/b1/en/front/20134710_front_a01_@2.png", "Brand": "President's Choice", "Url": "https://www.maxi.ca/canadian-cheddar-aged-2-years/p/20134710_EA", "Sub Category": null, "English Name": "Canadian Cheddar Aged 2 Years", "Size": "500 g", "Size Label": "ea"}, {"Category": "Deli Cheese", "Aisle": "Deli", "Sku": "20981120_EA", "Regular Price": "None", "Sale Price": "8.29", "Image": "https://assets.shop.loblaws.ca/products/20981120/b1/en/front/20981120_front_a01_@2.png", "Brand": "President's Choice", "Url": "https://www.maxi.ca/raclette-sliced-washed-rind-firm-surface-ripened-c/p/20981120_EA", "Sub Category": null, "English Name": "Raclette Sliced Washed-Rind, Firm Surface-Ripened Cheese", "Size": "150 g", "Size Label": "ea"}, {"Category": "Deli Cheese", "Aisle": "Deli", "Sku": "20125339_EA", "Regular Price": "6.99", "Sale Price": "4.99", "Image": "https://assets.shop.loblaws.ca/products/20125339/b1/en/front/20125339_front_a01_@2.png", "Brand": "Saputo", "Url": "https://www.maxi.ca/parmesan-petals/p/20125339_EA", "Sub Category": null, "English Name": "Parmesan, Petals", "Size": "125 g", "Size Label": "ea"}, {"Category": "Deli Cheese", "Aisle": "Deli", "Sku": "21301450_EA", "Regular Price": "None", "Sale Price": "6.99", "Image": "https://assets.shop.loblaws.ca/products/21301450/b1/en/front/21301450_front_a01_@2.png", "Brand": "Boursin", "Url": "https://www.maxi.ca/fig-balsamic/p/21301450_EA", "Sub Category": null, "English Name": "Fig & Balsamic", "Size": "150 g", "Size Label": "ea"}, {"Category": "Deli Cheese", "Aisle": "Deli", "Sku": "21511440_EA", "Regular Price": "None", "Sale Price": "7.29", "Image": "https://assets.shop.loblaws.ca/products/21511440/b1/en/front/21511440_front_a01_@2.png", "Brand": "Balderson", "Url": "https://www.maxi.ca/aged-cheddar-cheese/p/21511440_EA", "Sub Category": null, "English Name": "Aged Cheddar Cheese", "Size": "170 g", "Size Label": "ea"}, {"Category": "Deli Cheese", "Aisle": "Deli", "Sku": "20784364_EA", "Regular Price": "None", "Sale Price": "6.69", "Image": "https://assets.shop.loblaws.ca/products/20784364/b1/en/front/20784364_front_a01_@2.png", "Brand": "President's Choice", "Url": "https://www.maxi.ca/camembert-cheese/p/20784364_EA", "Sub Category": null, "English Name": "Camembert Cheese", "Size": "170 g", "Size Label": "ea"}, {"Category": "Deli Cheese", "Aisle": "Deli", "Sku": "21388389_EA", "Regular Price": "None", "Sale Price": "7.79", "Image": "https://assets.shop.loblaws.ca/products/21388389/b1/en/front/21388389_front_a01_@2.png", "Brand": null, "Url": "https://www.maxi.ca/cheddar-cheese-aged-2-years-31-f-m/p/21388389_EA", "Sub Category": null, "English Name": "Cheddar Cheese Aged 2 Years 31 % F.M. ", "Size": "150 g", "Size Label": "ea"}, {"Category": "Deli Cheese", "Aisle": "Deli", "Sku": "21494121_EA", "Regular Price": "None", "Sale Price": "3.49", "Image": "https://assets.shop.loblaws.ca/products/21494121/b1/en/front/21494121_front_a01_@2.png", "Brand": "Ziggy's", "Url": "https://www.maxi.ca/spreadable-cheese-wedges/p/21494121_EA", "Sub Category": null, "English Name": "Spreadable Cheese Wedges", "Size": "140 g", "Size Label": "ea"}, {"Category": "Deli Cheese", "Aisle": "Deli", "Sku": "20089044_EA", "Regular Price": "None", "Sale Price": "6.99", "Image": "https://assets.shop.loblaws.ca/products/20089044/b1/en/front/20089044_front_a01_@2.png", "Brand": "Swiss Knight", "Url": "https://www.maxi.ca/gruy-re/p/20089044_EA", "Sub Category": null, "English Name": "Gruy\u00e8re", "Size": "170 g", "Size Label": "ea"}, {"Category": "Deli Cheese", "Aisle": "Deli", "Sku": "20037675_EA", "Regular Price": "None", "Sale Price": "6.99", "Image": "https://assets.shop.loblaws.ca/products/20037675/b1/en/front/20037675_front_a01_@2.png", "Brand": "Parmalat", "Url": "https://www.maxi.ca/soft-ripened-surface-cheese-31-m-f/p/20037675_EA", "Sub Category": null, "English Name": "Soft Ripened Surface Cheese 31% M.F.", "Size": "125 g", "Size Label": "ea"}, {"Category": "Deli Cheese", "Aisle": "Deli", "Sku": "20934573_EA", "Regular Price": "None", "Sale Price": "6.99", "Image": "https://assets.shop.loblaws.ca/products/20934573/b1/en/front/20934573_front_a01_@2.png", "Brand": "Bergeron", "Url": "https://www.maxi.ca/fin-renard-cheese-pieces/p/20934573_EA", "Sub Category": null, "English Name": "Fin Renard Cheese Pieces", "Size": "170 g", "Size Label": "ea"}, {"Category": "Deli Cheese", "Aisle": "Deli", "Sku": "20960809_EA", "Regular Price": "None", "Sale Price": "6.99", "Image": "https://assets.shop.loblaws.ca/products/20960809/b1/en/front/20960809_front_a01_@2.png", "Brand": "Boursin", "Url": "https://www.maxi.ca/basil-chives/p/20960809_EA", "Sub Category": null, "English Name": "Basil & Chives", "Size": "150 g", "Size Label": "ea"}, {"Category": "Deli Cheese", "Aisle": "Deli", "Sku": "20099999_EA", "Regular Price": "None", "Sale Price": "7.49", "Image": "https://assets.shop.loblaws.ca/products/20099999/b1/en/front/20099999_front_a01_@2.png", "Brand": "The Laughing Cow", "Url": "https://www.maxi.ca/original/p/20099999_EA", "Sub Category": null, "English Name": "Original", "Size": "267 g", "Size Label": "ea"}, {"Category": "Deli Cheese", "Aisle": "Deli", "Sku": "20591215_EA", "Regular Price": "None", "Sale Price": "6.99", "Image": "https://assets.shop.loblaws.ca/products/20591215/b1/en/front/20591215_front_a01_@2.png", "Brand": "Boursin", "Url": "https://www.maxi.ca/pepper/p/20591215_EA", "Sub Category": null, "English Name": "Pepper", "Size": "150 g", "Size Label": "ea"}, {"Category": "Deli Cheese", "Aisle": "Deli", "Sku": "20934581_EA", "Regular Price": "None", "Sale Price": "8.29", "Image": "https://assets.shop.loblaws.ca/products/20934581/b1/en/front/20934581_front_a01_@2.png", "Brand": "Bergeron", "Url": "https://www.maxi.ca/ripened-firm-cheese-with-cumin-le-coureur-des-bois/p/20934581_EA", "Sub Category": null, "English Name": "Ripened Firm Cheese With Cumin Le Coureur Des Bois 28% M.F.", "Size": "200 g", "Size Label": "ea"}, {"Category": "Deli Cheese", "Aisle": "Deli", "Sku": "20775294_EA", "Regular Price": "None", "Sale Price": "9.29", "Image": "https://assets.shop.loblaws.ca/products/20775294/b1/en/front/20775294_front_a01_@2.png", "Brand": "Tre Stelle", "Url": "https://www.maxi.ca/feta-cheese-cubes-light/p/20775294_EA", "Sub Category": null, "English Name": "Feta Cheese Cubes, Light", "Size": "200 g", "Size Label": "ea"}, {"Category": "Deli Cheese", "Aisle": "Deli", "Sku": "20217638_EA", "Regular Price": "None", "Sale Price": "13.49", "Image": "https://assets.shop.loblaws.ca/products/20217638/b1/en/front/20217638_front_a01_@2.png", "Brand": "President's Choice", "Url": "https://www.maxi.ca/creamy-havarti-cheese-sliced-32-m-f-club-pack/p/20217638_EA", "Sub Category": null, "English Name": "Creamy Havarti Cheese Sliced 32% M.F. Club Pack", "Size": "500 g", "Size Label": "ea"}, {"Category": "Deli Cheese", "Aisle": "Deli", "Sku": "21372544_EA", "Regular Price": "None", "Sale Price": "7.99", "Image": "https://assets.shop.loblaws.ca/products/21372544/b1/en/front/21372544_front_a01_@2.png", "Brand": null, "Url": "https://www.maxi.ca/cendr-des-pr-s-26-m-f-bloomy-rind-soft-cheese/p/21372544_EA", "Sub Category": null, "English Name": "Cendr\u00e9 Des Pr\u00e9s 26 % M.F. Bloomy Rind Soft Cheese", "Size": "150 g", "Size Label": "ea"}, {"Category": "Deli Cheese", "Aisle": "Deli", "Sku": "21388388_EA", "Regular Price": "None", "Sale Price": "6.99", "Image": "https://assets.shop.loblaws.ca/products/21388388/b1/en/front/21388388_front_a01_@2.png", "Brand": null, "Url": "https://www.maxi.ca/cheddar-cheese-classic-31-f-m/p/21388388_EA", "Sub Category": null, "English Name": "Cheddar Cheese Classic 31 % F.M.", "Size": "150 g", "Size Label": "ea"}, {"Category": "Deli Cheese", "Aisle": "Deli", "Sku": "20419118_EA", "Regular Price": "None", "Sale Price": "9.79", "Image": "https://assets.shop.loblaws.ca/products/20419118/b1/en/front/20419118_front_a01_@2.png", "Brand": "President's Choice", "Url": "https://www.maxi.ca/cranberry-soft-unripened-goat-s-milk-cheese/p/20419118_EA", "Sub Category": null, "English Name": "Cranberry Soft Unripened Goat\u2019s Milk Cheese", "Size": "300 g", "Size Label": "ea"}, {"Category": "Deli Cheese", "Aisle": "Deli", "Sku": "21511748_EA", "Regular Price": "None", "Sale Price": "8.29", "Image": "https://assets.shop.loblaws.ca/products/21511748/b1/en/front/21511748_front_a01_@2.png", "Brand": "Balderson", "Url": "https://www.maxi.ca/cheddar-cheese-old-cheddar-35-m-f/p/21511748_EA", "Sub Category": null, "English Name": "Cheddar Cheese Old Cheddar 35% M.F.", "Size": "250 g", "Size Label": "ea"}, {"Category": "Deli Cheese", "Aisle": "Deli", "Sku": "20218911_EA", "Regular Price": "None", "Sale Price": "13.29", "Image": "https://assets.shop.loblaws.ca/products/20218911/b1/en/front/20218911_front_a01_@2.png", "Brand": "President's Choice", "Url": "https://www.maxi.ca/medium-cheddar-cheese-block-club-pack/p/20218911_EA", "Sub Category": null, "English Name": "Medium Cheddar Cheese Block, Club Pack", "Size": "500 g", "Size Label": "ea"}, {"Category": "Deli Cheese", "Aisle": "Deli", "Sku": "21494061_EA", "Regular Price": "None", "Sale Price": "7.49", "Image": "https://assets.shop.loblaws.ca/products/21494061/b1/en/front/21494061_front_a01_@2.png", "Brand": "Ziggy's", "Url": "https://www.maxi.ca/spreadable-cheese-wedges/p/21494061_EA", "Sub Category": null, "English Name": "Spreadable Cheese Wedges", "Size": "420 g", "Size Label": "ea"}, {"Category": "Deli Cheese", "Aisle": "Deli", "Sku": "20841057_EA", "Regular Price": "None", "Sale Price": "6.49", "Image": "https://assets.shop.loblaws.ca/products/20841057/b1/en/front/20841057_front_a01_@2.png", "Brand": null, "Url": "https://www.maxi.ca/fresh-yellow-cheese/p/20841057_EA", "Sub Category": null, "English Name": "Fresh Yellow Cheese", "Size": "230 g", "Size Label": "ea"}, {"Category": "Deli Cheese", "Aisle": "Deli", "Sku": "20872092_EA", "Regular Price": "None", "Sale Price": "7.99", "Image": "https://assets.shop.loblaws.ca/products/20872092/b1/en/front/20872092_front_a01_@2.png", "Brand": "Fromages CDA", "Url": "https://www.maxi.ca/d-lice-des-appalaches-cheese/p/20872092_EA", "Sub Category": null, "English Name": "D\u00e9lice des Appalaches Cheese", "Size": "6x170.0 g", "Size Label": "ea"}, {"Category": "Deli Cheese", "Aisle": "Deli", "Sku": "20841058_EA", "Regular Price": "None", "Sale Price": "6.49", "Image": "https://assets.shop.loblaws.ca/products/20841058/b1/en/front/20841058_front_a01_@2.png", "Brand": null, "Url": "https://www.maxi.ca/fresh-marble-cheese/p/20841058_EA", "Sub Category": null, "English Name": "Fresh Marble Cheese", "Size": "230 g", "Size Label": "ea"}, {"Category": "Deli Cheese", "Aisle": "Deli", "Sku": "20149926_EA", "Regular Price": "None", "Sale Price": "2.89", "Image": "https://assets.shop.loblaws.ca/products/20149926/b1/en/front/20149926_front_a01_@2.png", "Brand": "Vache a Maillotte", "Url": "https://www.maxi.ca/fresh-firm-cheese-tortillon-original-22-m-f/p/20149926_EA", "Sub Category": null, "English Name": "Fresh Firm Cheese Tortillon Original 22% M.F.", "Size": "50 g", "Size Label": "ea"}, {"Category": "Deli Cheese", "Aisle": "Deli", "Sku": "20872094_EA", "Regular Price": "None", "Sale Price": "8.99", "Image": "https://assets.shop.loblaws.ca/products/20872094/b1/en/front/20872094_front_a01_@2.png", "Brand": "Fromages CDA", "Url": "https://www.maxi.ca/mamirolle-cheese/p/20872094_EA", "Sub Category": null, "English Name": "Mamirolle Cheese", "Size": "6x170.0 g", "Size Label": "ea"}, {"Category": "Deli Cheese", "Aisle": "Deli", "Sku": "20907819_EA", "Regular Price": "None", "Sale Price": "6.00", "Image": "https://assets.shop.loblaws.ca/products/20907819/b1/en/front/20907819_front_a01_@2.png", "Brand": "Royal", "Url": "https://www.maxi.ca/swiss-cheese-slices/p/20907819_EA", "Sub Category": null, "English Name": "Swiss Cheese Slices", "Size": "200 g", "Size Label": "ea"}, {"Category": "Deli Cheese", "Aisle": "Deli", "Sku": "20002342_EA", "Regular Price": "None", "Sale Price": "17.99", "Image": "https://assets.shop.loblaws.ca/products/20002342/b1/en/front/20002342_front_a01_@2.png", "Brand": "Balderson", "Url": "https://www.maxi.ca/2-year-old-royal-canadian-white-cheddar/p/20002342_EA", "Sub Category": null, "English Name": "2-Year Old Royal Canadian White Cheddar", "Size": "500 g", "Size Label": "ea"}, {"Category": "Deli Cheese", "Aisle": "Deli", "Sku": "21372549_EA", "Regular Price": "None", "Sale Price": "9.99", "Image": "https://assets.loblaws.ca/pcx_bronx_fe_assets/images/common/coming-soon-en-web.png", "Brand": null, "Url": "https://www.maxi.ca/halloumi-oil-herb-cheese/p/21372549_EA", "Sub Category": null, "English Name": "Halloumi Oil & Herb Cheese", "Size": "200 g", "Size Label": "ea"}, {"Category": "Deli Cheese", "Aisle": "Deli", "Sku": "21050354_EA", "Regular Price": "None", "Sale Price": "21.89", "Image": "https://assets.shop.loblaws.ca/products/21050354/b1/en/front/21050354_front_a01_@2.png", "Brand": "PC Splendido", "Url": "https://www.maxi.ca/grana-padano-wedge-large/p/21050354_EA", "Sub Category": null, "English Name": "Grana Padano Wedge, Large", "Size": "800 g", "Size Label": "ea"}, {"Category": "Deli Cheese", "Aisle": "Deli", "Sku": "21388428_EA", "Regular Price": "None", "Sale Price": "7.99", "Image": "https://assets.shop.loblaws.ca/products/21388428/b1/en/front/21388428_front_a01_@2.png", "Brand": null, "Url": "https://www.maxi.ca/cheddar-cheese-aged-1-year-31-f-m/p/21388428_EA", "Sub Category": null, "English Name": "Cheddar Cheese Aged 1 Year 31 % F.M. ", "Size": "150 g", "Size Label": "ea"}, {"Category": "Deli Cheese", "Aisle": "Deli", "Sku": "21511199_EA", "Regular Price": "None", "Sale Price": "6.89", "Image": "https://assets.shop.loblaws.ca/products/21511199/b1/en/front/21511199_front_a01_@2.png", "Brand": "Balderson", "Url": "https://www.maxi.ca/cheddar-chees-extra-old/p/21511199_EA", "Sub Category": null, "English Name": "Cheddar Chees, Extra Old", "Size": "170 g", "Size Label": "ea"}, {"Category": "Deli Cheese", "Aisle": "Deli", "Sku": "20016313_EA", "Regular Price": "None", "Sale Price": "7.99", "Image": "https://assets.shop.loblaws.ca/products/20016313/b1/en/front/20016313_front_a01_@2.png", "Brand": "Agropur Signature", "Url": "https://www.maxi.ca/l-extra-camembert-cheese/p/20016313_EA", "Sub Category": null, "English Name": "L'Extra Camembert Cheese", "Size": "170 g", "Size Label": "ea"}, {"Category": "Deli Cheese", "Aisle": "Deli", "Sku": "21196413_EA", "Regular Price": "None", "Sale Price": "18.29", "Image": "https://assets.shop.loblaws.ca/products/21196413/b1/en/front/21196413_front_a01_@2.png", "Brand": "President's Choice", "Url": "https://www.maxi.ca/le-gruyere-aop-cheese/p/21196413_EA", "Sub Category": null, "English Name": "Le Gruyere AOP Cheese", "Size": "350 g", "Size Label": "ea"}, {"Category": "Deli Cheese", "Aisle": "Deli", "Sku": "20564939_EA", "Regular Price": "None", "Sale Price": "7.99", "Image": "https://assets.shop.loblaws.ca/products/20564939/b1/en/front/20564939_front_a01_@2.png", "Brand": "Saputo", "Url": "https://www.maxi.ca/cheese-ricotta/p/20564939_EA", "Sub Category": null, "English Name": "Cheese, Ricotta", "Size": "475 g", "Size Label": "ea"}, {"Category": "Deli Cheese", "Aisle": "Deli", "Sku": "20250536_EA", "Regular Price": "None", "Sale Price": "13.49", "Image": "https://assets.shop.loblaws.ca/products/20250536/b1/en/front/20250536_front_a01_@2.png", "Brand": "PC Blue Menu", "Url": "https://www.maxi.ca/light-swiss-cheese-sliced-18-m-f-club-size/p/20250536_EA", "Sub Category": null, "English Name": "Light Swiss Cheese Sliced 18% M.F. Club Size", "Size": "500 g", "Size Label": "ea"}, {"Category": "Deli Cheese", "Aisle": "Deli", "Sku": "20315135_EA", "Regular Price": "None", "Sale Price": "7.99", "Image": "https://assets.shop.loblaws.ca/products/20315135/b1/en/front/20315135_front_a01_@2.png", "Brand": "Alexis Portneuf", "Url": "https://www.maxi.ca/cheese-double-cream-brie-32-m-f/p/20315135_EA", "Sub Category": null, "English Name": "Cheese Double Cream  Brie 32% M.F.", "Size": "125 g", "Size Label": "ea"}, {"Category": "Deli Cheese", "Aisle": "Deli", "Sku": "21051214_EA", "Regular Price": "7.59", "Sale Price": "4.99", "Image": "https://assets.shop.loblaws.ca/products/21051214/b1/en/front/21051214_front_a01_@2.png", "Brand": "Saputo", "Url": "https://www.maxi.ca/bocconcini-cheese-18-mf/p/21051214_EA", "Sub Category": null, "English Name": "Bocconcini Cheese, 18% MF", "Size": "200 g", "Size Label": "ea"}, {"Category": "Deli Cheese", "Aisle": "Deli", "Sku": "21311224_EA", "Regular Price": "None", "Sale Price": "3.29", "Image": "https://assets.shop.loblaws.ca/products/21311224/b1/en/front/21311224_front_a01_@2.png", "Brand": "Tre Stelle", "Url": "https://www.maxi.ca/100-parmesan-31-m-f-cheese-grated/p/21311224_EA", "Sub Category": null, "English Name": "100% Parmesan 31% M.F. Cheese Grated", "Size": "80 g", "Size Label": "ea"}, {"Category": "Deli Cheese", "Aisle": "Deli", "Sku": "20574963_EA", "Regular Price": "None", "Sale Price": "7.59", "Image": "https://assets.shop.loblaws.ca/products/20574963/b1/en/front/20574963_front_a01_@2.png", "Brand": "Castello", "Url": "https://www.maxi.ca/arla-havarti-herb-spice-fw/p/20574963_EA", "Sub Category": null, "English Name": "Arla Havarti Herb&Spice FW", "Size": "200 g", "Size Label": "ea"}, {"Category": "Deli Cheese", "Aisle": "Deli", "Sku": "20986504_EA", "Regular Price": "None", "Sale Price": "9.69", "Image": "https://assets.shop.loblaws.ca/products/20986504/b1/en/front/20986504_front_a01_@2.png", "Brand": "Alexis Portneuf", "Url": "https://www.maxi.ca/soft-surface-ripened-cheese-washed-rind/p/20986504_EA", "Sub Category": null, "English Name": "Soft Surface Ripened Cheese Washed Rind", "Size": "170 g", "Size Label": "ea"}, {"Category": "Deli Cheese", "Aisle": "Deli", "Sku": "20817395_EA", "Regular Price": "None", "Sale Price": "9.99", "Image": "https://assets.shop.loblaws.ca/products/20817395/b1/en/front/20817395_front_a01_@2.png", "Brand": "PC Black Label", "Url": "https://www.maxi.ca/isle-of-man-extra-old-cheddar-cheese-aged-14-month/p/20817395_EA", "Sub Category": null, "English Name": "Isle Of Man Extra Old Cheddar Cheese Aged 14 Months", "Size": "250 g", "Size Label": "ea"}, {"Category": "Deli Cheese", "Aisle": "Deli", "Sku": "20911376_EA", "Regular Price": "None", "Sale Price": "9.99", "Image": "https://assets.shop.loblaws.ca/products/20911376/b1/en/front/20911376_front_a01_@2.png", "Brand": "PC Black Label", "Url": "https://www.maxi.ca/white-fox-cheddar-ripe/p/20911376_EA", "Sub Category": null, "English Name": "White Fox Cheddar, Ripe", "Size": "250 g", "Size Label": "ea"}, {"Category": "Deli Cheese", "Aisle": "Deli", "Sku": "21217157_EA", "Regular Price": "None", "Sale Price": "4.00", "Image": "https://assets.shop.loblaws.ca/products/21217157/b1/en/front/21217157_front_a01_@2.png", "Brand": "The Laughing Cow", "Url": "https://www.maxi.ca/lactose-free/p/21217157_EA", "Sub Category": null, "English Name": "Lactose Free", "Size": "120 g", "Size Label": "ea"}, {"Category": "Deli Cheese", "Aisle": "Deli", "Sku": "20573932_EA", "Regular Price": "None", "Sale Price": "7.59", "Image": "https://assets.shop.loblaws.ca/products/20573932/b1/en/front/20573932_front_a01_@2.png", "Brand": "Castello", "Url": "https://www.maxi.ca/havarti-creamy-fw/p/20573932_EA", "Sub Category": null, "English Name": "Havarti Creamy FW", "Size": "200 g", "Size Label": "ea"}, {"Category": "Deli Cheese", "Aisle": "Deli", "Sku": "21098386_EA", "Regular Price": "None", "Sale Price": "8.89", "Image": "https://assets.shop.loblaws.ca/products/21098386/b1/en/front/21098386_front_a01_@2.png", "Brand": "Le Maria Chapdelaine", "Url": "https://www.maxi.ca/fromage-p-te-molle-affin-en-surface-le-maria-chapd/p/21098386_EA", "Sub Category": null, "English Name": "Fromage \u00c0 P\u00e2te Molle Affin\u00e9 En Surface Le Maria Chapdelaine 31% Mg", "Size": "165 g", "Size Label": "ea"}, {"Category": "Deli Cheese", "Aisle": "Deli", "Sku": "21504351_EA", "Regular Price": "None", "Sale Price": "9.00", "Image": "https://assets.shop.loblaws.ca/products/21504351/b1/en/front/21504351_front_a01_@2.png", "Brand": "President's Choice", "Url": "https://www.maxi.ca/goat-s-milk-cheddar-cheese-aged-1yr/p/21504351_EA", "Sub Category": null, "English Name": "Goat\u2019s Milk Cheddar Cheese-Aged 1yr ", "Size": "200 g", "Size Label": "ea"}, {"Category": "Deli Cheese", "Aisle": "Deli", "Sku": "20901145_EA", "Regular Price": "None", "Sale Price": "9.99", "Image": "https://assets.shop.loblaws.ca/products/20901145/b1/en/front/20901145_front_a01_@2.png", "Brand": "Saputo", "Url": "https://www.maxi.ca/feta-cheese-duo-pack/p/20901145_EA", "Sub Category": null, "English Name": "Feta Cheese Duo Pack", "Size": "300 g", "Size Label": "ea"}, {"Category": "Deli Cheese", "Aisle": "Deli", "Sku": "20038994_EA", "Regular Price": "None", "Sale Price": "7.49", "Image": "https://assets.shop.loblaws.ca/products/20038994/b1/en/front/20038994_front_a01_@2.png", "Brand": "Riviera", "Url": "https://www.maxi.ca/cheese-shredded-parmesan/p/20038994_EA", "Sub Category": null, "English Name": "Cheese, Shredded Parmesan", "Size": "170 g", "Size Label": "ea"}, {"Category": "Deli Cheese", "Aisle": "Deli", "Sku": "20301336_EA", "Regular Price": "None", "Sale Price": "9.29", "Image": "https://assets.shop.loblaws.ca/products/20301336/b1/en/front/20301336_front_a01_@2.png", "Brand": "Saint-Morgon", "Url": "https://www.maxi.ca/cheese/p/20301336_EA", "Sub Category": null, "English Name": "Cheese", "Size": "200 g", "Size Label": "ea"}, {"Category": "Deli Cheese", "Aisle": "Deli", "Sku": "21301432_EA", "Regular Price": "None", "Sale Price": "9.99", "Image": "https://assets.shop.loblaws.ca/products/21301432/b1/en/front/21301432_front_a01_@2.png", "Brand": "Saputo", "Url": "https://www.maxi.ca/haloumi-plain-26-m-f-semi-soft-unripened-cheese/p/21301432_EA", "Sub Category": null, "English Name": "Haloumi Plain 26% M.F. Semi-Soft Unripened Cheese", "Size": "235 g", "Size Label": "ea"}, {"Category": "Deli Cheese", "Aisle": "Deli", "Sku": "20913249_EA", "Regular Price": "None", "Sale Price": "6.00", "Image": "https://assets.shop.loblaws.ca/products/20913249/b1/en/front/20913249_front_a01_@2.png", "Brand": "Royal", "Url": "https://www.maxi.ca/creamy-havarti-cheese-slices/p/20913249_EA", "Sub Category": null, "English Name": "Creamy Havarti Cheese Slices", "Size": "200 g", "Size Label": "ea"}, {"Category": "Deli Cheese", "Aisle": "Deli", "Sku": "21427613_EA", "Regular Price": "None", "Sale Price": "8.29", "Image": "https://assets.shop.loblaws.ca/products/21427613/b1/en/front/21427613_front_a01_@2.png", "Brand": "Fromages CDA", "Url": "https://www.maxi.ca/le-louis-dubois-32-m-f-semi-soft-surface-ripened-c/p/21427613_EA", "Sub Category": null, "English Name": "Le Louis Dubois 32% M.F. Semi-Soft Surface Ripened Cheese", "Size": "150 g", "Size Label": "ea"}, {"Category": "Deli Cheese", "Aisle": "Deli", "Sku": "21022180_EA", "Regular Price": "None", "Sale Price": "10.49", "Image": "https://assets.shop.loblaws.ca/products/21022180/b1/en/front/21022180_front_a01_@2.png", "Brand": "The Laughing Cow", "Url": "https://www.maxi.ca/garlic-herbs-process-cheese-product-24-portions-of/p/21022180_EA", "Sub Category": null, "English Name": "Garlic & Herbs Process Cheese Product 24 Portions Of 16.7 G (400 G)", "Size": "400 g", "Size Label": "ea"}, {"Category": "Deli Cheese", "Aisle": "Deli", "Sku": "21507661_EA", "Regular Price": "None", "Sale Price": "7.29", "Image": "https://assets.shop.loblaws.ca/products/21507661/b1/en/front/21507661_front_a01_@2.png", "Brand": "Boursin", "Url": "https://www.maxi.ca/cuisine-shallot-chive-12-m-f/p/21507661_EA", "Sub Category": null, "English Name": "Cuisine Shallot & Chive 12 % M.F.", "Size": "220 g", "Size Label": "ea"}, {"Category": "Deli Cheese", "Aisle": "Deli", "Sku": "20708981_EA", "Regular Price": "None", "Sale Price": "14.99", "Image": "https://assets.shop.loblaws.ca/products/20708981/b1/en/front/20708981_front_a01_@2.png", "Brand": "Saputo", "Url": "https://www.maxi.ca/firm-ripened-cheese-mini-friulano-27-m-f/p/20708981_EA", "Sub Category": null, "English Name": "Firm Ripened Cheese Mini Friulano 27 % M.F.", "Size": "500 g", "Size Label": "ea"}, {"Category": "Deli Cheese", "Aisle": "Deli", "Sku": "20934696_EA", "Regular Price": "None", "Sale Price": "7.29", "Image": "https://assets.shop.loblaws.ca/products/20934696/b1/en/front/20934696_front_a01_@2.png", "Brand": "Bergeron", "Url": "https://www.maxi.ca/classique-cheese/p/20934696_EA", "Sub Category": null, "English Name": "Classique Cheese", "Size": "200 g", "Size Label": "ea"}, {"Category": "Deli Cheese", "Aisle": "Deli", "Sku": "20770654_EA", "Regular Price": "None", "Sale Price": "7.59", "Image": "https://assets.shop.loblaws.ca/products/20770654/b1/en/front/20770654_front_a01_@2.png", "Brand": "President's Choice", "Url": "https://www.maxi.ca/herb-spice-havarti-cheese-block/p/20770654_EA", "Sub Category": null, "English Name": "Herb & Spice Havarti Cheese Block", "Size": "250 g", "Size Label": "ea"}, {"Category": "Deli Cheese", "Aisle": "Deli", "Sku": "21528313_EA", "Regular Price": "5.29", "Sale Price": "4.99", "Image": "https://assets.shop.loblaws.ca/products/21528313/b1/en/front/21528313_front_a01_@2.png", "Brand": "Saputo", "Url": "https://www.maxi.ca/feta-cheese-lactose-free-22-m-f/p/21528313_EA", "Sub Category": null, "English Name": "Feta Cheese Lactose Free 22 % M.F.", "Size": "200 g", "Size Label": "ea"}, {"Category": "Deli Cheese", "Aisle": "Deli", "Sku": "21051344_EA", "Regular Price": "7.59", "Sale Price": "4.99", "Image": "https://assets.shop.loblaws.ca/products/21051344/b1/en/front/21051344_front_a01_@2.png", "Brand": "Saputo", "Url": "https://www.maxi.ca/gourmet-bocconcini-cocktail-soft-fresh-cheese-18-m/p/21051344_EA", "Sub Category": null, "English Name": "Gourmet Bocconcini Cocktail Soft Fresh Cheese 18% M.F.", "Size": "200 g", "Size Label": "ea"}, {"Category": "Deli Cheese", "Aisle": "Deli", "Sku": "20921279_EA", "Regular Price": "7.79", "Sale Price": "6.99", "Image": "https://assets.shop.loblaws.ca/products/20921279/b1/en/front/20921279_front_a01_@2.png", "Brand": "Oka", "Url": "https://www.maxi.ca/aged-cheese/p/20921279_EA", "Sub Category": null, "English Name": "Aged Cheese", "Size": "190 g", "Size Label": "ea"}, {"Category": "Deli Cheese", "Aisle": "Deli", "Sku": "21197538_EA", "Regular Price": "None", "Sale Price": "14.69", "Image": "https://assets.shop.loblaws.ca/products/21197538/b1/en/front/21197538_front_a01_@2.png", "Brand": "President's Choice", "Url": "https://www.maxi.ca/emmentaler-cheese/p/21197538_EA", "Sub Category": null, "English Name": "Emmentaler Cheese", "Size": "350 g", "Size Label": "ea"}, {"Category": "Deli Cheese", "Aisle": "Deli", "Sku": "21051344_EA", "Regular Price": "7.59", "Sale Price": "4.99", "Image": "https://assets.shop.loblaws.ca/products/21051344/b1/en/front/21051344_front_a01_@2.png", "Brand": "Saputo", "Url": "https://www.maxi.ca/gourmet-bocconcini-cocktail-soft-fresh-cheese-18-m/p/21051344_EA", "Sub Category": null, "English Name": "Gourmet Bocconcini Cocktail Soft Fresh Cheese 18% M.F.", "Size": "200 g", "Size Label": "ea"}, {"Category": "Deli Cheese", "Aisle": "Deli", "Sku": "20155453_EA", "Regular Price": "None", "Sale Price": "5.89", "Image": "https://assets.shop.loblaws.ca/products/20155453/b1/en/front/20155453_front_a01_@2.png", "Brand": "Royal", "Url": "https://www.maxi.ca/parmesan-fondue/p/20155453_EA", "Sub Category": null, "English Name": "Parmesan Fondue", "Size": "225 g", "Size Label": "ea"}, {"Category": "Deli Cheese", "Aisle": "Deli", "Sku": "20816874_EA", "Regular Price": "None", "Sale Price": "9.99", "Image": "https://assets.shop.loblaws.ca/products/20816874/b1/en/front/20816874_front_a01_@2.png", "Brand": "PC Black Label", "Url": "https://www.maxi.ca/red-fox-red-leicester-hard-ripened-cheese-aged-18/p/20816874_EA", "Sub Category": null, "English Name": "Red Fox Red Leicester Hard Ripened Cheese Aged 18 Months", "Size": "250 g", "Size Label": "ea"}, {"Category": "Deli Cheese", "Aisle": "Deli", "Sku": "20183443_EA", "Regular Price": "None", "Sale Price": "4.00", "Image": "https://assets.shop.loblaws.ca/products/20183443/b1/en/front/20183443_front_a01_@2.png", "Brand": "The Laughing Cow", "Url": "https://www.maxi.ca/light/p/20183443_EA", "Sub Category": null, "English Name": "Light", "Size": "133 g", "Size Label": "ea"}, {"Category": "Deli Cheese", "Aisle": "Deli", "Sku": "21397209_EA", "Regular Price": "None", "Sale Price": "8.29", "Image": "https://assets.shop.loblaws.ca/products/21397209/b1/en/front/21397209_front_a01_@2.png", "Brand": "Monsieur Gustav", "Url": "https://www.maxi.ca/saint-paulin-cheese/p/21397209_EA", "Sub Category": null, "English Name": "Saint-Paulin Cheese", "Size": "190 g", "Size Label": "ea"}, {"Category": "Deli Cheese", "Aisle": "Deli", "Sku": "20077264_EA", "Regular Price": "None", "Sale Price": "5.29", "Image": "https://assets.shop.loblaws.ca/products/20077264/b1/en/front/20077264_front_a01_@2.png", "Brand": "Vache a Maillotte", "Url": "https://www.maxi.ca/cheese-curds/p/20077264_EA", "Sub Category": null, "English Name": "Cheese Curds", "Size": "125 g", "Size Label": "ea"}, {"Category": "Deli Cheese", "Aisle": "Deli", "Sku": "20251597_EA", "Regular Price": "None", "Sale Price": "8.99", "Image": "https://assets.shop.loblaws.ca/products/20251597/b1/en/front/20251597_front_a01_@2.png", "Brand": "President's Choice", "Url": "https://www.maxi.ca/goat-brie-goat-s-milk-brie-cheese/p/20251597_EA", "Sub Category": null, "English Name": "Goat Brie Goat\u2019s Milk Brie Cheese", "Size": "165 g", "Size Label": "ea"}, {"Category": "Deli Cheese", "Aisle": "Deli", "Sku": "20633496_EA", "Regular Price": "None", "Sale Price": "11.49", "Image": "https://assets.shop.loblaws.ca/products/20633496/b1/en/front/20633496_front_a01_@2.png", "Brand": "Biobio", "Url": "https://www.maxi.ca/organic-swiss/p/20633496_EA", "Sub Category": null, "English Name": "Organic Swiss     ", "Size": "200 g", "Size Label": "ea"}, {"Category": "Deli Cheese", "Aisle": "Deli", "Sku": "20120993_EA", "Regular Price": "None", "Sale Price": "7.59", "Image": "https://assets.shop.loblaws.ca/products/20120993/b1/en/front/20120993_front_a01_@2.png", "Brand": "Vache a Maillotte", "Url": "https://www.maxi.ca/cheese-curds/p/20120993_EA", "Sub Category": null, "English Name": "Cheese Curds", "Size": "250 g", "Size Label": "ea"}, {"Category": "Deli Cheese", "Aisle": "Deli", "Sku": "20137907_EA", "Regular Price": "None", "Sale Price": "4.39", "Image": "https://assets.shop.loblaws.ca/products/20137907/b1/en/front/20137907_front_a01_@2.png", "Brand": "Vache a Maillotte", "Url": "https://www.maxi.ca/fresh-firm-cheese-tortillon-original-22-m-f/p/20137907_EA", "Sub Category": null, "English Name": "Fresh Firm Cheese Tortillon Original 22% M.F.", "Size": "100 g", "Size Label": "ea"}, {"Category": "Deli Cheese", "Aisle": "Deli", "Sku": "20544437_EA", "Regular Price": "None", "Sale Price": "8.99", "Image": "https://assets.shop.loblaws.ca/products/20544437/b1/en/front/20544437_front_a01_@2.png", "Brand": "Riviera", "Url": "https://www.maxi.ca/emmental-cheese-27-m-f/p/20544437_EA", "Sub Category": null, "English Name": "Emmental Cheese 27 % M.F.", "Size": "200 g", "Size Label": "ea"}, {"Category": "Deli Cheese", "Aisle": "Deli", "Sku": "20565114_EA", "Regular Price": "None", "Sale Price": "11.99", "Image": "https://assets.shop.loblaws.ca/products/20565114/b1/en/front/20565114_front_a01_@2.png", "Brand": "Saputo", "Url": "https://www.maxi.ca/cheese-feta-light/p/20565114_EA", "Sub Category": null, "English Name": "Cheese, Feta Light", "Size": "400 g", "Size Label": "ea"}, {"Category": "Deli Cheese", "Aisle": "Deli", "Sku": "20565111_EA", "Regular Price": "None", "Sale Price": "11.99", "Image": "https://assets.shop.loblaws.ca/products/20565111/b1/en/front/20565111_front_a01_@2.png", "Brand": "Saputo", "Url": "https://www.maxi.ca/cheese-feta-regular/p/20565111_EA", "Sub Category": null, "English Name": "Cheese, Feta Regular", "Size": "400 g", "Size Label": "ea"}, {"Category": "Deli Cheese", "Aisle": "Deli", "Sku": "21362548_EA", "Regular Price": "None", "Sale Price": "9.29", "Image": "https://assets.loblaws.ca/pcx_bronx_fe_assets/images/common/coming-soon-en-web.png", "Brand": "L'Ancetre", "Url": "https://www.maxi.ca/artisanal-qu-bec-cheese-baluchon-organic-30-m-f/p/21362548_EA", "Sub Category": null, "English Name": "Artisanal Qu\u00e9bec Cheese Baluchon Organic 30% M.F.", "Size": "145 g", "Size Label": "ea"}, {"Category": "Deli Cheese", "Aisle": "Deli", "Sku": "20569735_EA", "Regular Price": "None", "Sale Price": "9.79", "Image": "https://assets.shop.loblaws.ca/products/20569735/b1/en/front/20569735_front_a01_@2.png", "Brand": "President's Choice", "Url": "https://www.maxi.ca/original-soft-unripened-goat-s-milk-cheese/p/20569735_EA", "Sub Category": null, "English Name": "Original Soft Unripened Goat\u2019s Milk Cheese ", "Size": "300 g", "Size Label": "ea"}, {"Category": "Deli Cheese", "Aisle": "Deli", "Sku": "20318139_EA", "Regular Price": "None", "Sale Price": "10.49", "Image": "https://assets.shop.loblaws.ca/products/20318139/b1/en/front/20318139_front_a01_@2.png", "Brand": "The Laughing Cow", "Url": "https://www.maxi.ca/light-creamy-swiss/p/20318139_EA", "Sub Category": null, "English Name": "Light Creamy Swiss", "Size": "400 g", "Size Label": "ea"}, {"Category": "Deli Cheese", "Aisle": "Deli", "Sku": "21372548_EA", "Regular Price": "None", "Sale Price": "9.99", "Image": "https://assets.shop.loblaws.ca/products/21372548/b1/en/front/21372548_front_a01_@2.png", "Brand": null, "Url": "https://www.maxi.ca/halloumi/p/21372548_EA", "Sub Category": null, "English Name": "Halloumi", "Size": "200 g", "Size Label": "ea"}, {"Category": "Deli Cheese", "Aisle": "Deli", "Sku": "20817966_EA", "Regular Price": "None", "Sale Price": "8.49", "Image": "https://assets.shop.loblaws.ca/products/20817966/b1/en/front/20817966_front_a01_@2.png", "Brand": "Alexis Portneuf", "Url": "https://www.maxi.ca/camembert-cheese/p/20817966_EA", "Sub Category": null, "English Name": "Camembert Cheese", "Size": "300 g", "Size Label": "ea"}, {"Category": "Deli Cheese", "Aisle": "Deli", "Sku": "20817961_EA", "Regular Price": "None", "Sale Price": "8.49", "Image": "https://assets.shop.loblaws.ca/products/20817961/b1/en/front/20817961_front_a01_@2.png", "Brand": "Alexis Portneuf", "Url": "https://www.maxi.ca/la-bonaparte-brie-camembert-cheese/p/20817961_EA", "Sub Category": null, "English Name": "La Bonaparte Brie Camembert Cheese", "Size": "300 g", "Size Label": "ea"}, {"Category": "Deli Cheese", "Aisle": "Deli", "Sku": "21343372_EA", "Regular Price": "None", "Sale Price": "6.49", "Image": "https://assets.shop.loblaws.ca/products/21343372/b1/en/front/21343372_front_a01_@2.png", "Brand": "Fritz Kaiser", "Url": "https://www.maxi.ca/29-m-f-soft-surface-ripened-cheese/p/21343372_EA", "Sub Category": null, "English Name": "29 % M.F. Soft Surface Ripened Cheese", "Size": "180 g", "Size Label": "ea"}, {"Category": "Deli Cheese", "Aisle": "Deli", "Sku": "20936554_EA", "Regular Price": "None", "Sale Price": "7.49", "Image": "https://assets.shop.loblaws.ca/products/20936554/b1/en/front/20936554_front_a01_@2.png", "Brand": "Bergeron", "Url": "https://www.maxi.ca/six-pourcent-cheese/p/20936554_EA", "Sub Category": null, "English Name": "Six Pourcent Cheese", "Size": "200 g", "Size Label": "ea"}, {"Category": "Deli Cheese", "Aisle": "Deli", "Sku": "20873092_EA", "Regular Price": "None", "Sale Price": "8.99", "Image": "https://assets.shop.loblaws.ca/products/20873092/b1/en/front/20873092_front_a01_@2.png", "Brand": "Perron", "Url": "https://www.maxi.ca/2-year-cheddar-cheese/p/20873092_EA", "Sub Category": null, "English Name": "2 Year Cheddar Cheese", "Size": "170 g", "Size Label": "ea"}, {"Category": "Deli Cheese", "Aisle": "Deli", "Sku": "21397352_EA", "Regular Price": "None", "Sale Price": "7.69", "Image": "https://assets.shop.loblaws.ca/products/21397352/b1/en/front/21397352_front_a01_@2.png", "Brand": "Monsieur Gustav", "Url": "https://www.maxi.ca/mild-gouda/p/21397352_EA", "Sub Category": null, "English Name": "Mild Gouda", "Size": "170 g", "Size Label": "ea"}, {"Category": "Deli Cheese", "Aisle": "Deli", "Sku": "21098385_EA", "Regular Price": "None", "Sale Price": "8.79", "Image": "https://assets.shop.loblaws.ca/products/21098385/b1/en/front/21098385_front_a01_@2.png", "Brand": "Le Maria Chapdelaine", "Url": "https://www.maxi.ca/fromage-p-te-molle-affin-en-surface-le-p-ribonka-3/p/21098385_EA", "Sub Category": null, "English Name": "Fromage \u00c0 P\u00e2te Molle Affin\u00e9 En Surface Le P\u00e9ribonka 31 % Mg", "Size": "165 g", "Size Label": "ea"}, {"Category": "Deli Cheese", "Aisle": "Deli", "Sku": "21528318_EA", "Regular Price": "9.19", "Sale Price": "6.99", "Image": "https://assets.shop.loblaws.ca/products/21528318/b1/en/front/21528318_front_a01_@2.png", "Brand": "Oka", "Url": "https://www.maxi.ca/beer-flavoured-cheese/p/21528318_EA", "Sub Category": null, "English Name": "Beer Flavoured Cheese", "Size": "190 g", "Size Label": "ea"}, {"Category": "Deli Cheese", "Aisle": "Deli", "Sku": "21238904_EA", "Regular Price": "None", "Sale Price": "7.69", "Image": "https://assets.shop.loblaws.ca/products/21238904/b1/en/front/21238904_front_a01_@2.png", "Brand": null, "Url": "https://www.maxi.ca/fondue/p/21238904_EA", "Sub Category": null, "English Name": "Fondue", "Size": "480 g", "Size Label": "ea"}, {"Category": "Deli Cheese", "Aisle": "Deli", "Sku": "21100374_EA", "Regular Price": "None", "Sale Price": "8.99", "Image": "https://assets.shop.loblaws.ca/products/21100374/b1/en/front/21100374_front_a01_@2.png", "Brand": "Babybel", "Url": "https://www.maxi.ca/mini-multi-flavours/p/21100374_EA", "Sub Category": null, "English Name": "Mini, Multi Flavours", "Size": "240 g", "Size Label": "ea"}, {"Category": "Deli Cheese", "Aisle": "Deli", "Sku": "21517592_EA", "Regular Price": "None", "Sale Price": "6.29", "Image": "https://assets.shop.loblaws.ca/products/21517592/b1/en/front/21517592_front_a01_@2.png", "Brand": "Castello", "Url": "https://www.maxi.ca/fresh-soft-cheese-cream-cheese-product-with-ginger/p/21517592_EA", "Sub Category": null, "English Name": "Fresh Soft Cheese Cream Cheese Product With Ginger, Chili And Coconut 30% M.F.", "Size": "125 g", "Size Label": "ea"}, {"Category": "Deli Cheese", "Aisle": "Deli", "Sku": "20044812_EA", "Regular Price": "None", "Sale Price": "7.99", "Image": "https://assets.shop.loblaws.ca/products/20044812/b1/en/front/20044812_front_a01_@2.png", "Brand": "Alexis Portneuf", "Url": "https://www.maxi.ca/camembert-cheese-double-cr-me-mild/p/20044812_EA", "Sub Category": null, "English Name": "Camembert Cheese Double Cr\u00e8me Mild", "Size": "125 g", "Size Label": "ea"}, {"Category": "Deli Cheese", "Aisle": "Deli", "Sku": "20920756_EA", "Regular Price": "7.79", "Sale Price": "6.99", "Image": "https://assets.shop.loblaws.ca/products/20920756/b1/en/front/20920756_front_a01_@2.png", "Brand": "Oka", "Url": "https://www.maxi.ca/original-cheese/p/20920756_EA", "Sub Category": null, "English Name": "Original Cheese", "Size": "190 g", "Size Label": "ea"}, {"Category": "Deli Cheese", "Aisle": "Deli", "Sku": "21495878_EA", "Regular Price": "9.29", "Sale Price": "6.99", "Image": "https://assets.shop.loblaws.ca/products/21495878/b1/en/front/21495878_front_a01_@2.png", "Brand": "Oka", "Url": "https://www.maxi.ca/mushroom-and-truffles-cheese/p/21495878_EA", "Sub Category": null, "English Name": "Mushroom and Truffles Cheese", "Size": "190 g", "Size Label": "ea"}, {"Category": "Deli Cheese", "Aisle": "Deli", "Sku": "20574335_EA", "Regular Price": "None", "Sale Price": "12.99", "Image": "https://assets.shop.loblaws.ca/products/20574335/b1/en/front/20574335_front_a01_@2.png", "Brand": "Babybel", "Url": "https://www.maxi.ca/light-18-pack/p/20574335_EA", "Sub Category": null, "English Name": "Light, 18 Pack", "Size": "360 g", "Size Label": "ea"}, {"Category": "Deli Cheese", "Aisle": "Deli", "Sku": "20987701_EA", "Regular Price": "None", "Sale Price": "20.49", "Image": "https://assets.shop.loblaws.ca/products/20987701/b1/en/front/20987701_front_a01_@2.png", "Brand": "Saputo", "Url": "https://www.maxi.ca/feta-cheese-1-kg/p/20987701_EA", "Sub Category": null, "English Name": "Feta Cheese 1 kg", "Size": "1 kg", "Size Label": "ea"}, {"Category": "Deli Cheese", "Aisle": "Deli", "Sku": "21397420_EA", "Regular Price": "None", "Sale Price": "7.59", "Image": "https://assets.shop.loblaws.ca/products/21397420/b1/en/front/21397420_front_a01_@2.png", "Brand": "Monsieur Gustav", "Url": "https://www.maxi.ca/smoked-gouda/p/21397420_EA", "Sub Category": null, "English Name": "Smoked Gouda", "Size": "170 g", "Size Label": "ea"}, {"Category": "Deli Cheese", "Aisle": "Deli", "Sku": "20972625_EA", "Regular Price": "None", "Sale Price": "7.59", "Image": "https://assets.shop.loblaws.ca/products/20972625/b1/en/front/20972625_front_a01_@2.png", "Brand": "Castello", "Url": "https://www.maxi.ca/havarti-smoked-cheese/p/20972625_EA", "Sub Category": null, "English Name": "Havarti Smoked Cheese", "Size": "170 g", "Size Label": "ea"}, {"Category": "Deli Cheese", "Aisle": "Deli", "Sku": "20872859_EA", "Regular Price": "None", "Sale Price": "8.99", "Image": "https://assets.shop.loblaws.ca/products/20872859/b1/en/front/20872859_front_a01_@2.png", "Brand": "Perron", "Url": "https://www.maxi.ca/stout-beer-cheddar/p/20872859_EA", "Sub Category": null, "English Name": "Stout Beer Cheddar", "Size": "170 g", "Size Label": "ea"}, {"Category": "Deli Cheese", "Aisle": "Deli", "Sku": "20167537_EA", "Regular Price": "None", "Sale Price": "8.99", "Image": "https://assets.shop.loblaws.ca/products/20167537/b1/en/front/20167537_front_a01_@2.png", "Brand": "Babybel", "Url": "https://www.maxi.ca/dairy-snack-light-13-m-f/p/20167537_EA", "Sub Category": null, "English Name": "Dairy Snack Light 13% M.F. ", "Size": "240 g", "Size Label": "ea"}, {"Category": "Deli Cheese", "Aisle": "Deli", "Sku": "20770656_EA", "Regular Price": "None", "Sale Price": "7.59", "Image": "https://assets.shop.loblaws.ca/products/20770656/b1/en/front/20770656_front_a01_@2.png", "Brand": "President's Choice", "Url": "https://www.maxi.ca/gouda-cheese-block/p/20770656_EA", "Sub Category": null, "English Name": "Gouda Cheese Block", "Size": "250 g", "Size Label": "ea"}, {"Category": "Deli Cheese", "Aisle": "Deli", "Sku": "21350191_EA", "Regular Price": "None", "Sale Price": "7.79", "Image": "https://assets.loblaws.ca/pcx_bronx_fe_assets/images/common/coming-soon-en-web.png", "Brand": null, "Url": "https://www.maxi.ca/cheddar/p/21350191_EA", "Sub Category": null, "English Name": "Cheddar", "Size": "130 g", "Size Label": "ea"}, {"Category": "Deli Cheese", "Aisle": "Deli", "Sku": "20073278_EA", "Regular Price": "None", "Sale Price": "9.69", "Image": "https://assets.shop.loblaws.ca/products/20073278/b1/en/front/20073278_front_a01_@2.png", "Brand": "Vache a Maillotte", "Url": "https://www.maxi.ca/poutine-curds/p/20073278_EA", "Sub Category": null, "English Name": "Poutine Curds", "Size": "400 g", "Size Label": "ea"}, {"Category": " Dips, Spreads & Antipasto", "Aisle": "Deli", "Sku": "20584040_EA", "Regular Price": "None", "Sale Price": "3.99", "Image": "https://assets.shop.loblaws.ca/products/20584040/b1/en/front/20584040_front_a01_@2.png", "Brand": "President's Choice", "Url": "https://www.maxi.ca/artichoke-asiago-dip/p/20584040_EA", "Sub Category": null, "English Name": "Artichoke & Asiago Dip", "Size": "227 g", "Size Label": "ea"}, {"Category": " Dips, Spreads & Antipasto", "Aisle": "Deli", "Sku": "20811328_EA", "Regular Price": "None", "Sale Price": "4.99", "Image": "https://assets.shop.loblaws.ca/products/20811328/b1/en/front/20811328_front_a01_@2.png", "Brand": "President's Choice", "Url": "https://www.maxi.ca/olive-tapenade-hummus-chickpea-dip-spread/p/20811328_EA", "Sub Category": null, "English Name": "Olive Tapenade Hummus Chickpea Dip & Spread", "Size": "280 g", "Size Label": "ea"}, {"Category": " Dips, Spreads & Antipasto", "Aisle": "Deli", "Sku": "20754856_EA", "Regular Price": "None", "Sale Price": "4.99", "Image": "https://assets.shop.loblaws.ca/products/20754856/b1/en/front/20754856_front_a01_@2.png", "Brand": "President's Choice", "Url": "https://www.maxi.ca/hummus-mini/p/20754856_EA", "Sub Category": null, "English Name": "Hummus, Mini", "Size": "228 g", "Size Label": "ea"}, {"Category": " Dips, Spreads & Antipasto", "Aisle": "Deli", "Sku": "21474403_EA", "Regular Price": "None", "Sale Price": "3.49", "Image": "https://assets.shop.loblaws.ca/products/21474403/b1/en/front/21474403_front_a01_@2.png", "Brand": "President's Choice", "Url": "https://www.maxi.ca/everything-bagel-hummus/p/21474403_EA", "Sub Category": null, "English Name": "Everything Bagel Hummus", "Size": "227 g", "Size Label": "ea"}, {"Category": " Dips, Spreads & Antipasto", "Aisle": "Deli", "Sku": "21448106_EA", "Regular Price": "None", "Sale Price": "6.99", "Image": "https://assets.shop.loblaws.ca/products/21448106/b1/en/front/21448106_front_a01_@2.png", "Brand": "President's Choice", "Url": "https://www.maxi.ca/chunky-guacamole-original/p/21448106_EA", "Sub Category": null, "English Name": "Chunky Guacamole, Original", "Size": "425 g", "Size Label": "ea"}, {"Category": " Dips, Spreads & Antipasto", "Aisle": "Deli", "Sku": "20811384_EA", "Regular Price": "None", "Sale Price": "4.99", "Image": "https://assets.shop.loblaws.ca/products/20811384/b1/en/front/20811384_front_a01_@2.png", "Brand": "President's Choice", "Url": "https://www.maxi.ca/roasted-garlic-red-pepper-cumin-hummus-chickpea-di/p/20811384_EA", "Sub Category": null, "English Name": "Roasted Garlic, Red Pepper & Cumin Hummus Chickpea Dip And Spread", "Size": "280 g", "Size Label": "ea"}, {"Category": " Dips, Spreads & Antipasto", "Aisle": "Deli", "Sku": "20754859_EA", "Regular Price": "None", "Sale Price": "4.99", "Image": "https://assets.shop.loblaws.ca/products/20754859/b1/en/front/20754859_front_a01_@2.png", "Brand": "President's Choice", "Url": "https://www.maxi.ca/mini-roasted-garlic-hummus-chickpea-dip-and-spread/p/20754859_EA", "Sub Category": null, "English Name": "Mini Roasted Garlic Hummus Chickpea Dip And Spread", "Size": "228 g", "Size Label": "ea"}, {"Category": " Dips, Spreads & Antipasto", "Aisle": "Deli", "Sku": "21446583_EA", "Regular Price": "None", "Sale Price": "4.49", "Image": "https://assets.shop.loblaws.ca/products/21446583/b1/en/front/21446583_front_a01_@2.png", "Brand": "President's Choice", "Url": "https://www.maxi.ca/za-atar-hummus/p/21446583_EA", "Sub Category": null, "English Name": "Za'atar Hummus", "Size": "280 g", "Size Label": "ea"}, {"Category": " Dips, Spreads & Antipasto", "Aisle": "Deli", "Sku": "20501132_EA", "Regular Price": "None", "Sale Price": "4.99", "Image": "https://assets.shop.loblaws.ca/products/20501132/b1/en/front/20501132_front_a01_@2.png", "Brand": "Fontaine Sante", "Url": "https://www.maxi.ca/traditional-hummus/p/20501132_EA", "Sub Category": null, "English Name": "Traditional Hummus", "Size": "260 g", "Size Label": "ea"}, {"Category": " Dips, Spreads & Antipasto", "Aisle": "Deli", "Sku": "20500991_EA", "Regular Price": "None", "Sale Price": "4.99", "Image": "https://assets.shop.loblaws.ca/products/20500991/b1/en/front/20500991_front_a01_@2.png", "Brand": "Fontaine Sante", "Url": "https://www.maxi.ca/spreadable-tofu/p/20500991_EA", "Sub Category": null, "English Name": "Spreadable Tofu", "Size": "250 g", "Size Label": "ea"}, {"Category": " Dips, Spreads & Antipasto", "Aisle": "Deli", "Sku": "20500843_EA", "Regular Price": "None", "Sale Price": "4.99", "Image": "https://assets.shop.loblaws.ca/products/20500843/b1/en/front/20500843_front_a01_@2.png", "Brand": "Arahova", "Url": "https://www.maxi.ca/tzatziki/p/20500843_EA", "Sub Category": null, "English Name": "Tzatziki", "Size": "250 g", "Size Label": "ea"}, {"Category": " Dips, Spreads & Antipasto", "Aisle": "Deli", "Sku": "20562771_EA", "Regular Price": "None", "Sale Price": "4.99", "Image": "https://assets.shop.loblaws.ca/products/20562771/b1/en/front/20562771_front_a01_@2.png", "Brand": "Fontaine Sante", "Url": "https://www.maxi.ca/roasted-red-pepper-hummus/p/20562771_EA", "Sub Category": null, "English Name": "Roasted Red Pepper Hummus", "Size": "260 g", "Size Label": "ea"}, {"Category": " Dips, Spreads & Antipasto", "Aisle": "Deli", "Sku": "21294683_EA", "Regular Price": "None", "Sale Price": "4.00", "Image": "https://assets.shop.loblaws.ca/products/21294683/b1/en/front/21294683_front_a01_@2.png", "Brand": null, "Url": "https://www.maxi.ca/olives-pitted-spanish/p/21294683_EA", "Sub Category": null, "English Name": "Olives Pitted Spanish", "Size": "150 g", "Size Label": "ea"}, {"Category": " Dips, Spreads & Antipasto", "Aisle": "Deli", "Sku": "21294983_EA", "Regular Price": "None", "Sale Price": "3.99", "Image": "https://assets.shop.loblaws.ca/products/21294983/b1/en/front/21294983_front_a01_@2.png", "Brand": null, "Url": "https://www.maxi.ca/greek-olives-chalkidiki/p/21294983_EA", "Sub Category": null, "English Name": "Greek Olives Chalkidiki", "Size": "270 g", "Size Label": "ea"}, {"Category": " Dips, Spreads & Antipasto", "Aisle": "Deli", "Sku": "21176872_EA", "Regular Price": "None", "Sale Price": "10.00", "Image": "https://assets.shop.loblaws.ca/products/21176872/b1/en/front/21176872_front_a01_@2.png", "Brand": "Sardo", "Url": "https://www.maxi.ca/olives-stuffed-halkidiki/p/21176872_EA", "Sub Category": null, "English Name": "Olives Stuffed Halkidiki    ", "Size": "1 l", "Size Label": "ea"}, {"Category": " Dips, Spreads & Antipasto", "Aisle": "Deli", "Sku": "20979976_EA", "Regular Price": "None", "Sale Price": "4.99", "Image": "https://assets.shop.loblaws.ca/products/20979976/b1/en/front/20979976_front_a01_@2.png", "Brand": "Fontaine Sante", "Url": "https://www.maxi.ca/hummus-cocktail-sriracha/p/20979976_EA", "Sub Category": null, "English Name": "Hummus Cocktail, Sriracha", "Size": "227 g", "Size Label": "ea"}, {"Category": " Dips, Spreads & Antipasto", "Aisle": "Deli", "Sku": "20596551_EA", "Regular Price": "None", "Sale Price": "5.49", "Image": "https://assets.shop.loblaws.ca/products/20596551/b1/en/front/20596551_front_a01_@2.png", "Brand": "Sardo", "Url": "https://www.maxi.ca/olives/p/20596551_EA", "Sub Category": null, "English Name": "Olives", "Size": "250 ml", "Size Label": "ea"}, {"Category": " Dips, Spreads & Antipasto", "Aisle": "Deli", "Sku": "20863239_EA", "Regular Price": "None", "Sale Price": "5.99", "Image": "https://assets.shop.loblaws.ca/products/20863239/b1/en/front/20863239_front_a01_@2.png", "Brand": "Sardo", "Url": "https://www.maxi.ca/pitted-kalamata-olives/p/20863239_EA", "Sub Category": null, "English Name": "Pitted Kalamata Olives", "Size": "250 ml", "Size Label": "ea"}, {"Category": " Dips, Spreads & Antipasto", "Aisle": "Deli", "Sku": "20596554_EA", "Regular Price": "None", "Sale Price": "5.49", "Image": "https://assets.shop.loblaws.ca/products/20596554/b1/en/front/20596554_front_a01_@2.png", "Brand": "Sardo", "Url": "https://www.maxi.ca/party-mix-olives/p/20596554_EA", "Sub Category": null, "English Name": "Party Mix Olives", "Size": "250 ml", "Size Label": "ea"}, {"Category": " Dips, Spreads & Antipasto", "Aisle": "Deli", "Sku": "20501247_EA", "Regular Price": "None", "Sale Price": "6.00", "Image": "https://assets.shop.loblaws.ca/products/20501247/b1/en/front/20501247_front_a01_@2.png", "Brand": "Ziggy's", "Url": "https://www.maxi.ca/stuffed-mammoth-olives/p/20501247_EA", "Sub Category": null, "English Name": "Stuffed Mammoth Olives", "Size": "500 ml", "Size Label": "ea"}, {"Category": " Dips, Spreads & Antipasto", "Aisle": "Deli", "Sku": "20501133_EA", "Regular Price": "None", "Sale Price": "4.99", "Image": "https://assets.shop.loblaws.ca/products/20501133/b1/en/front/20501133_front_a01_@2.png", "Brand": "Fontaine Sante", "Url": "https://www.maxi.ca/roasted-garlic-hummus/p/20501133_EA", "Sub Category": null, "English Name": "Roasted Garlic Hummus", "Size": "260 g", "Size Label": "ea"}, {"Category": " Dips, Spreads & Antipasto", "Aisle": "Deli", "Sku": "20501267_EA", "Regular Price": "None", "Sale Price": "6.00", "Image": "https://assets.shop.loblaws.ca/products/20501267/b1/en/front/20501267_front_a01_@2.png", "Brand": "Ziggy's", "Url": "https://www.maxi.ca/kalamata-olives/p/20501267_EA", "Sub Category": null, "English Name": "Kalamata Olives", "Size": "500 ml", "Size Label": "ea"}, {"Category": " Dips, Spreads & Antipasto", "Aisle": "Deli", "Sku": "20596426_EA", "Regular Price": "None", "Sale Price": "5.49", "Image": "https://assets.shop.loblaws.ca/products/20596426/b1/en/front/20596426_front_a01_@2.png", "Brand": "Sardo", "Url": "https://www.maxi.ca/jumbo-pitted-green-olives/p/20596426_EA", "Sub Category": null, "English Name": "Jumbo Pitted Green Olives", "Size": "250 ml", "Size Label": "ea"}, {"Category": " Dips, Spreads & Antipasto", "Aisle": "Deli", "Sku": "20501269_EA", "Regular Price": "None", "Sale Price": "6.00", "Image": "https://assets.shop.loblaws.ca/products/20501269/b1/en/front/20501269_front_a01_@2.png", "Brand": "Ziggy's", "Url": "https://www.maxi.ca/mammoth-olives-pitted/p/20501269_EA", "Sub Category": null, "English Name": "Mammoth Olives, Pitted", "Size": "500 ml", "Size Label": "ea"}, {"Category": " Dips, Spreads & Antipasto", "Aisle": "Deli", "Sku": "21518816_EA", "Regular Price": "None", "Sale Price": "7.99", "Image": "https://assets.shop.loblaws.ca/products/21518816/b1/en/front/21518816_front_a01_@2.png", "Brand": "President's Choice", "Url": "https://www.maxi.ca/4-layer-loaded-pierogi-dip/p/21518816_EA", "Sub Category": null, "English Name": "4-Layer Loaded Pierogi Dip", "Size": "425 g", "Size Label": "ea"}, {"Category": " Dips, Spreads & Antipasto", "Aisle": "Deli", "Sku": "20503742_EA", "Regular Price": "None", "Sale Price": "5.99", "Image": "https://assets.shop.loblaws.ca/products/20503742/b1/en/front/20503742_front_a01_@2.png", "Brand": "Fontaine Sante", "Url": "https://www.maxi.ca/hummus-roasted-red-pepper/p/20503742_EA", "Sub Category": null, "English Name": "Hummus, Roasted Red Pepper", "Size": "454 g", "Size Label": "ea"}, {"Category": " Dips, Spreads & Antipasto", "Aisle": "Deli", "Sku": "20501051_EA", "Regular Price": "None", "Sale Price": "4.99", "Image": "https://assets.shop.loblaws.ca/products/20501051/b1/en/front/20501051_front_a01_@2.png", "Brand": "Fontaine Sante", "Url": "https://www.maxi.ca/yogurt-tzatziki/p/20501051_EA", "Sub Category": null, "English Name": "Yogurt Tzatziki", "Size": "255 g", "Size Label": "ea"}, {"Category": " Dips, Spreads & Antipasto", "Aisle": "Deli", "Sku": "21294695_EA", "Regular Price": "None", "Sale Price": "4.00", "Image": "https://assets.shop.loblaws.ca/products/21294695/b1/en/front/21294695_front_a01_@2.png", "Brand": null, "Url": "https://www.maxi.ca/olives-pitted-spanish-green/p/21294695_EA", "Sub Category": null, "English Name": "Olives Pitted Spanish Green", "Size": "150 g", "Size Label": "ea"}, {"Category": " Dips, Spreads & Antipasto", "Aisle": "Deli", "Sku": "21294976_EA", "Regular Price": "None", "Sale Price": "3.99", "Image": "https://assets.shop.loblaws.ca/products/21294976/b1/en/front/21294976_front_a01_@2.png", "Brand": null, "Url": "https://www.maxi.ca/greek-olives-chalkidiki/p/21294976_EA", "Sub Category": null, "English Name": "Greek Olives Chalkidiki", "Size": "270 g", "Size Label": "ea"}, {"Category": " Dips, Spreads & Antipasto", "Aisle": "Deli", "Sku": "21294690_EA", "Regular Price": "None", "Sale Price": "4.00", "Image": "https://assets.shop.loblaws.ca/products/21294690/b1/en/front/21294690_front_a01_@2.png", "Brand": null, "Url": "https://www.maxi.ca/olives-green-spanish/p/21294690_EA", "Sub Category": null, "English Name": "Olives Green Spanish", "Size": "200 g", "Size Label": "ea"}, {"Category": " Dips, Spreads & Antipasto", "Aisle": "Deli", "Sku": "21294731_EA", "Regular Price": "None", "Sale Price": "3.99", "Image": "https://assets.shop.loblaws.ca/products/21294731/b1/en/front/21294731_front_a01_@2.png", "Brand": null, "Url": "https://www.maxi.ca/greek-olives-kalamata/p/21294731_EA", "Sub Category": null, "English Name": "Greek Olives Kalamata", "Size": "200 g", "Size Label": "ea"}, {"Category": " Dips, Spreads & Antipasto", "Aisle": "Deli", "Sku": "20276001_EA", "Regular Price": "None", "Sale Price": "4.99", "Image": "https://assets.shop.loblaws.ca/products/20276001/b1/en/front/20276001_front_a01_@2.png", "Brand": "Fontaine Sante", "Url": "https://www.maxi.ca/bruschetta/p/20276001_EA", "Sub Category": null, "English Name": "Bruschetta", "Size": "340 g", "Size Label": "ea"}, {"Category": " Dips, Spreads & Antipasto", "Aisle": "Deli", "Sku": "21519236_EA", "Regular Price": "None", "Sale Price": "7.99", "Image": "https://assets.shop.loblaws.ca/products/21519236/b1/en/front/21519236_front_a01_@2.png", "Brand": "President's Choice", "Url": "https://www.maxi.ca/5-layer-all-dressed-dip/p/21519236_EA", "Sub Category": null, "English Name": "5-Layer All Dressed Dip", "Size": "425 g", "Size Label": "ea"}, {"Category": " Dips, Spreads & Antipasto", "Aisle": "Deli", "Sku": "20596428_EA", "Regular Price": "None", "Sale Price": "5.49", "Image": "https://assets.shop.loblaws.ca/products/20596428/b1/en/front/20596428_front_a01_@2.png", "Brand": "Sardo", "Url": "https://www.maxi.ca/stuffed-mammoth-green-olives/p/20596428_EA", "Sub Category": null, "English Name": "Stuffed Mammoth Green Olives", "Size": "250 ml", "Size Label": "ea"}, {"Category": " Dips, Spreads & Antipasto", "Aisle": "Deli", "Sku": "21294730_EA", "Regular Price": "None", "Sale Price": "4.00", "Image": "https://assets.shop.loblaws.ca/products/21294730/b1/en/front/21294730_front_a01_@2.png", "Brand": null, "Url": "https://www.maxi.ca/greek-olives-chalkidiki/p/21294730_EA", "Sub Category": null, "English Name": "Greek Olives Chalkidiki", "Size": "200 g", "Size Label": "ea"}, {"Category": " Dips, Spreads & Antipasto", "Aisle": "Deli", "Sku": "21294724_EA", "Regular Price": "None", "Sale Price": "4.00", "Image": "https://assets.shop.loblaws.ca/products/21294724/b1/en/front/21294724_front_a01_@2.png", "Brand": null, "Url": "https://www.maxi.ca/moroccan-olives-la-grecque/p/21294724_EA", "Sub Category": null, "English Name": "Moroccan Olives \u00c0 La Grecque", "Size": "200 g", "Size Label": "ea"}, {"Category": " Dips, Spreads & Antipasto", "Aisle": "Deli", "Sku": "20501014_EA", "Regular Price": "None", "Sale Price": "4.99", "Image": "https://assets.shop.loblaws.ca/products/20501014/b1/en/front/20501014_front_a01_@2.png", "Brand": "Fontaine Sante", "Url": "https://www.maxi.ca/baba-gannouj/p/20501014_EA", "Sub Category": null, "English Name": "Baba Gannouj ", "Size": "260 g", "Size Label": "ea"}, {"Category": " Dips, Spreads & Antipasto", "Aisle": "Deli", "Sku": "21176866_EA", "Regular Price": "None", "Sale Price": "10.00", "Image": "https://assets.shop.loblaws.ca/products/21176866/b1/en/front/21176866_front_a01_@2.png", "Brand": "Sardo", "Url": "https://www.maxi.ca/olives-kalamata/p/21176866_EA", "Sub Category": null, "English Name": "Olives Kalamata     ", "Size": "1 l", "Size Label": "ea"}, {"Category": " Dips, Spreads & Antipasto", "Aisle": "Deli", "Sku": "20501268_EA", "Regular Price": "None", "Sale Price": "6.00", "Image": "https://assets.shop.loblaws.ca/products/20501268/b1/en/front/20501268_front_a01_@2.png", "Brand": "Ziggy's", "Url": "https://www.maxi.ca/olive-medley/p/20501268_EA", "Sub Category": null, "English Name": "Olive Medley", "Size": "500 ml", "Size Label": "ea"}, {"Category": " Dips, Spreads & Antipasto", "Aisle": "Deli", "Sku": "21363840_EA", "Regular Price": "None", "Sale Price": "3.99", "Image": "https://assets.shop.loblaws.ca/products/21363840/b1/en/front/21363840_front_a01_@2.png", "Brand": "President's Choice", "Url": "https://www.maxi.ca/plant-based-queso-style-cauliflower-dip/p/21363840_EA", "Sub Category": null, "English Name": "Plant Based Queso Style Cauliflower Dip", "Size": "200 g", "Size Label": "ea"}, {"Category": " Dips, Spreads & Antipasto", "Aisle": "Deli", "Sku": "20811387_EA", "Regular Price": "None", "Sale Price": "4.99", "Image": "https://assets.shop.loblaws.ca/products/20811387/b1/en/front/20811387_front_a01_@2.png", "Brand": "President's Choice", "Url": "https://www.maxi.ca/roasted-pepper-paprika-hummus-chickpea-dip-and-spr/p/20811387_EA", "Sub Category": null, "English Name": "Roasted Pepper & Paprika Hummus Chickpea Dip And Spread", "Size": "280 g", "Size Label": "ea"}, {"Category": " Dips, Spreads & Antipasto", "Aisle": "Deli", "Sku": "20500992_EA", "Regular Price": "None", "Sale Price": "4.99", "Image": "https://assets.shop.loblaws.ca/products/20500992/b1/en/front/20500992_front_a01_@2.png", "Brand": "Fontaine Sante", "Url": "https://www.maxi.ca/spinach-dip/p/20500992_EA", "Sub Category": null, "English Name": "Spinach Dip", "Size": "250 g", "Size Label": "ea"}, {"Category": " Dips, Spreads & Antipasto", "Aisle": "Deli", "Sku": "20594792_EA", "Regular Price": "None", "Sale Price": "4.99", "Image": "https://assets.shop.loblaws.ca/products/20594792/b1/en/front/20594792_front_a01_@2.png", "Brand": "Fontaine Sante", "Url": "https://www.maxi.ca/tzatziki-sour-cream-dip/p/20594792_EA", "Sub Category": null, "English Name": "Tzatziki Sour Cream Dip", "Size": "255 g", "Size Label": "ea"}, {"Category": " Dips, Spreads & Antipasto", "Aisle": "Deli", "Sku": "20562920_EA", "Regular Price": "None", "Sale Price": "4.99", "Image": "https://assets.shop.loblaws.ca/products/20562920/b1/en/front/20562920_front_a01_@2.png", "Brand": "Fontaine Sante", "Url": "https://www.maxi.ca/greek-olives-hummus/p/20562920_EA", "Sub Category": null, "English Name": "Greek Olives Hummus", "Size": "227 g", "Size Label": "ea"}, {"Category": " Dips, Spreads & Antipasto", "Aisle": "Deli", "Sku": "20503658_EA", "Regular Price": "None", "Sale Price": "5.99", "Image": "https://assets.shop.loblaws.ca/products/20503658/b1/en/front/20503658_front_a01_@2.png", "Brand": "Fontaine Sante", "Url": "https://www.maxi.ca/traditional-hummus/p/20503658_EA", "Sub Category": null, "English Name": "Traditional Hummus", "Size": "454 g", "Size Label": "ea"}, {"Category": " Dips, Spreads & Antipasto", "Aisle": "Deli", "Sku": "21176852_EA", "Regular Price": "None", "Sale Price": "10.00", "Image": "https://assets.shop.loblaws.ca/products/21176852/b1/en/front/21176852_front_a01_@2.png", "Brand": "Sardo", "Url": "https://www.maxi.ca/olives-party-mix/p/21176852_EA", "Sub Category": null, "English Name": "Olives Party Mix    ", "Size": "1 l", "Size Label": "ea"}, {"Category": " Dips, Spreads & Antipasto", "Aisle": "Deli", "Sku": "20276224_EA", "Regular Price": "None", "Sale Price": "5.79", "Image": "https://assets.shop.loblaws.ca/products/20276224/b1/en/front/20276224_front_a01_@2.png", "Brand": "Sardo", "Url": "https://www.maxi.ca/garlic-stuffed-green-olives/p/20276224_EA", "Sub Category": null, "English Name": "Garlic Stuffed Green Olives", "Size": "250 ml", "Size Label": "ea"}, {"Category": "Vegan & Vegetarian", "Aisle": "Deli", "Sku": "20570507_EA", "Regular Price": "None", "Sale Price": "2.99", "Image": "https://assets.shop.loblaws.ca/products/20570507/b1/en/front/20570507_front_a01_@2.png", "Brand": "Sunrise", "Url": "https://www.maxi.ca/tofu-extra-firm/p/20570507_EA", "Sub Category": null, "English Name": "Tofu, Extra Firm", "Size": "350 g", "Size Label": "ea"}, {"Category": "Vegan & Vegetarian", "Aisle": "Deli", "Sku": "21023474_EA", "Regular Price": "None", "Sale Price": "3.29", "Image": "https://assets.shop.loblaws.ca/products/21023474/b1/en/front/21023474_front_a01_@2.png", "Brand": "Soyganic", "Url": "https://www.maxi.ca/organic-tofu-extra-firm/p/21023474_EA", "Sub Category": null, "English Name": "Organic Tofu Extra Firm", "Size": "350 g", "Size Label": "ea"}, {"Category": "Vegan & Vegetarian", "Aisle": "Deli", "Sku": "20570018_EA", "Regular Price": "None", "Sale Price": "2.79", "Image": "https://assets.shop.loblaws.ca/products/20570018/b1/en/front/20570018_front_a01_@2.png", "Brand": "Rooster", "Url": "https://www.maxi.ca/tofu-firm/p/20570018_EA", "Sub Category": null, "English Name": "Tofu, Firm", "Size": "420 g", "Size Label": "ea"}, {"Category": "Vegan & Vegetarian", "Aisle": "Deli", "Sku": "20569354_EA", "Regular Price": "None", "Sale Price": "1.99", "Image": "https://assets.shop.loblaws.ca/products/20569354/b1/en/front/20569354_front_a01_@2.png", "Brand": "Sunrise", "Url": "https://www.maxi.ca/tofu-dessert-peach-mango/p/20569354_EA", "Sub Category": null, "English Name": "Tofu Dessert, Peach Mango ", "Size": "2x150.0 g", "Size Label": "ea"}, {"Category": "Vegan & Vegetarian", "Aisle": "Deli", "Sku": "20507159_EA", "Regular Price": "None", "Sale Price": "5.99", "Image": "https://assets.shop.loblaws.ca/products/20507159/b1/en/front/20507159_front_a01_@2.png", "Brand": "Yves", "Url": "https://www.maxi.ca/veggie-ground-round-original/p/20507159_EA", "Sub Category": null, "English Name": "Veggie Ground Round, Original", "Size": "340 g", "Size Label": "ea"}, {"Category": "Vegan & Vegetarian", "Aisle": "Deli", "Sku": "20597353_EA", "Regular Price": "None", "Sale Price": "4.99", "Image": "https://assets.shop.loblaws.ca/products/20597353/b1/en/front/20597353_front_a01_@2.png", "Brand": "Yves", "Url": "https://www.maxi.ca/veggie-ham-slices/p/20597353_EA", "Sub Category": null, "English Name": "Veggie Ham Slices", "Size": "155 g", "Size Label": "ea"}, {"Category": "Vegan & Vegetarian", "Aisle": "Deli", "Sku": "20569353_EA", "Regular Price": "None", "Sale Price": "1.99", "Image": "https://assets.shop.loblaws.ca/products/20569353/b1/en/front/20569353_front_a01_@2.png", "Brand": "Sunrise", "Url": "https://www.maxi.ca/tofu-dessert-almond-flavoured/p/20569353_EA", "Sub Category": null, "English Name": "Tofu Dessert, Almond Flavoured", "Size": "2x150.0 g", "Size Label": "ea"}, {"Category": "Vegan & Vegetarian", "Aisle": "Deli", "Sku": "21207740_EA", "Regular Price": "None", "Sale Price": "5.49", "Image": "https://assets.shop.loblaws.ca/products/21207740/b1/en/front/21207740_front_a01_@2.png", "Brand": "Daiya", "Url": "https://www.maxi.ca/cutting-board-collection-mozza-flavour-shreds/p/21207740_EA", "Sub Category": null, "English Name": "Cutting Board Collection Mozza Flavour Shreds", "Size": "200 g", "Size Label": "ea"}, {"Category": "Vegan & Vegetarian", "Aisle": "Deli", "Sku": "20597352_EA", "Regular Price": "None", "Sale Price": "4.99", "Image": "https://assets.shop.loblaws.ca/products/20597352/b1/en/front/20597352_front_a01_@2.png", "Brand": "Yves", "Url": "https://www.maxi.ca/veggie-turkey-slices/p/20597352_EA", "Sub Category": null, "English Name": "Veggie Turkey Slices", "Size": "155 g", "Size Label": "ea"}, {"Category": "Vegan & Vegetarian", "Aisle": "Deli", "Sku": "20032594_EA", "Regular Price": "None", "Sale Price": "6.79", "Image": "https://assets.shop.loblaws.ca/products/20032594/b1/en/front/20032594_front_a01_@2.png", "Brand": "Yves", "Url": "https://www.maxi.ca/veggie-hot-dogs-family-pack/p/20032594_EA", "Sub Category": null, "English Name": "Veggie Hot Dogs, Family Pack", "Size": "450 g", "Size Label": "ea"}, {"Category": "Vegan & Vegetarian", "Aisle": "Deli", "Sku": "21359049_EA", "Regular Price": "None", "Sale Price": "7.99", "Image": "https://assets.shop.loblaws.ca/products/21359049/b1/en/front/21359049_front_a01_@2.png", "Brand": "Boursin", "Url": "https://www.maxi.ca/dairy-free-cheese/p/21359049_EA", "Sub Category": null, "English Name": "Dairy Free Cheese", "Size": "170 g", "Size Label": "ea"}, {"Category": "Vegan & Vegetarian", "Aisle": "Deli", "Sku": "20507161_EA", "Regular Price": "None", "Sale Price": "5.99", "Image": "https://assets.shop.loblaws.ca/products/20507161/b1/en/front/20507161_front_a01_@2.png", "Brand": "Yves", "Url": "https://www.maxi.ca/veggie-ground-round-mexican/p/20507161_EA", "Sub Category": null, "English Name": "Veggie Ground Round, Mexican", "Size": "340 g", "Size Label": "ea"}, {"Category": "Vegan & Vegetarian", "Aisle": "Deli", "Sku": "20596883_EA", "Regular Price": "None", "Sale Price": "4.99", "Image": "https://assets.shop.loblaws.ca/products/20596883/b1/en/front/20596883_front_a01_@2.png", "Brand": "Yves", "Url": "https://www.maxi.ca/veggie-bologna/p/20596883_EA", "Sub Category": null, "English Name": "Veggie Bologna", "Size": "155 g", "Size Label": "ea"}, {"Category": "Vegan & Vegetarian", "Aisle": "Deli", "Sku": "21290707_EA", "Regular Price": "None", "Sale Price": "3.29", "Image": "https://assets.shop.loblaws.ca/products/21290707/b1/en/front/21290707_front_a01_@2.png", "Brand": "Fontaine Sante", "Url": "https://www.maxi.ca/tofu-extra-firm-plain/p/21290707_EA", "Sub Category": null, "English Name": "Tofu Extra Firm Plain   ", "Size": "400 g", "Size Label": "ea"}, {"Category": "Vegan & Vegetarian", "Aisle": "Deli", "Sku": "20562004_EA", "Regular Price": "None", "Sale Price": "3.99", "Image": "https://assets.shop.loblaws.ca/products/20562004/b1/en/front/20562004_front_a01_@2.png", "Brand": "Unisoya", "Url": "https://www.maxi.ca/tofu-regular/p/20562004_EA", "Sub Category": null, "English Name": "Tofu, Regular", "Size": "454 g", "Size Label": "ea"}, {"Category": "Vegan & Vegetarian", "Aisle": "Deli", "Sku": "21188691_EA", "Regular Price": "None", "Sale Price": "5.99", "Image": "https://assets.shop.loblaws.ca/products/21188691/b1/en/front/21188691_front_a01_@2.png", "Brand": "Lightlife", "Url": "https://www.maxi.ca/smart-bacon-plant-based-vegan-bacon-strips/p/21188691_EA", "Sub Category": null, "English Name": "Smart Bacon Plant-Based Vegan Bacon Strips", "Size": "142 g", "Size Label": "ea"}, {"Category": "Vegan & Vegetarian", "Aisle": "Deli", "Sku": "20507160_EA", "Regular Price": "None", "Sale Price": "5.99", "Image": "https://assets.shop.loblaws.ca/products/20507160/b1/en/front/20507160_front_a01_@2.png", "Brand": "Yves", "Url": "https://www.maxi.ca/veggie-ground-round-italian/p/20507160_EA", "Sub Category": null, "English Name": "Veggie Ground Round, Italian", "Size": "340 g", "Size Label": "ea"}, {"Category": "Vegan & Vegetarian", "Aisle": "Deli", "Sku": "20563191_EA", "Regular Price": "None", "Sale Price": "6.79", "Image": "https://assets.shop.loblaws.ca/products/20563191/b1/en/front/20563191_front_a01_@2.png", "Brand": "Yves", "Url": "https://www.maxi.ca/good-veggie-burger/p/20563191_EA", "Sub Category": null, "English Name": "Good Veggie Burger", "Size": "300 g", "Size Label": "ea"}, {"Category": "Vegan & Vegetarian", "Aisle": "Deli", "Sku": "21538522_EA", "Regular Price": "None", "Sale Price": "8.69", "Image": "https://assets.shop.loblaws.ca/products/21538522/b1/en/front/21538522_front_a01_@2.png", "Brand": "Daiya", "Url": "https://www.maxi.ca/plant-based-feta-cheeze-flavour-crumbles/p/21538522_EA", "Sub Category": null, "English Name": "Plant-based Feta Cheeze Flavour Crumbles", "Size": "170 g", "Size Label": "ea"}, {"Category": "Vegan & Vegetarian", "Aisle": "Deli", "Sku": "20577619_EA", "Regular Price": "None", "Sale Price": "3.99", "Image": "https://assets.shop.loblaws.ca/products/20577619/b1/en/front/20577619_front_a01_@2.png", "Brand": "Unisoya", "Url": "https://www.maxi.ca/tofu-fine-herbs/p/20577619_EA", "Sub Category": null, "English Name": "Tofu, Fine Herbs", "Size": "454 g", "Size Label": "ea"}, {"Category": "Vegan & Vegetarian", "Aisle": "Deli", "Sku": "20975498_EA", "Regular Price": "None", "Sale Price": "5.99", "Image": "https://assets.shop.loblaws.ca/products/20975498/b1/en/front/20975498_front_a01_@2.png", "Brand": "Lightlife", "Url": "https://www.maxi.ca/original-organic-plant-based-tempeh/p/20975498_EA", "Sub Category": null, "English Name": "Original Organic Plant-Based Tempeh", "Size": "227 g", "Size Label": "ea"}, {"Category": "Vegan & Vegetarian", "Aisle": "Deli", "Sku": "20597294_EA", "Regular Price": "None", "Sale Price": "4.99", "Image": "https://assets.shop.loblaws.ca/products/20597294/b1/en/front/20597294_front_a01_@2.png", "Brand": "Yves", "Url": "https://www.maxi.ca/veggie-pizza-pepperoni/p/20597294_EA", "Sub Category": null, "English Name": "Veggie Pizza Pepperoni", "Size": "120 g", "Size Label": "ea"}, {"Category": "Vegan & Vegetarian", "Aisle": "Deli", "Sku": "21208918_EA", "Regular Price": "4.99", "Sale Price": "4.49", "Image": "https://assets.shop.loblaws.ca/products/21208918/b1/en/front/21208918_front_a01_@2.png", "Brand": "President's Choice", "Url": "https://www.maxi.ca/plant-based-cheddar-style-slices/p/21208918_EA", "Sub Category": null, "English Name": "Plant Based Cheddar-Style Slices", "Size": "200 g", "Size Label": "ea"}, {"Category": "Vegan & Vegetarian", "Aisle": "Deli", "Sku": "21188446_EA", "Regular Price": "None", "Sale Price": "5.79", "Image": "https://assets.shop.loblaws.ca/products/21188446/b1/en/front/21188446_front_a01_@2.png", "Brand": "Lightlife", "Url": "https://www.maxi.ca/smart-menu-plant-based-meatballs/p/21188446_EA", "Sub Category": null, "English Name": "Smart Menu Plant-Based Meatballs", "Size": "227 g", "Size Label": "ea"}, {"Category": "Vegan & Vegetarian", "Aisle": "Deli", "Sku": "21216317_EA", "Regular Price": "None", "Sale Price": "6.79", "Image": "https://assets.shop.loblaws.ca/products/21216317/b1/en/front/21216317_front_a01_@2.png", "Brand": "Yves", "Url": "https://www.maxi.ca/veggie-chicken-nuggets/p/21216317_EA", "Sub Category": null, "English Name": "Veggie Chicken Nuggets", "Size": "200 g", "Size Label": "ea"}, {"Category": "Vegan & Vegetarian", "Aisle": "Deli", "Sku": "21284431_EA", "Regular Price": "None", "Sale Price": "9.49", "Image": "https://assets.shop.loblaws.ca/products/21284431/b1/en/front/21284431_front_a01_@2.png", "Brand": "Gusta", "Url": "https://www.maxi.ca/italiana-vegan-sausage/p/21284431_EA", "Sub Category": null, "English Name": "Italiana Vegan Sausage", "Size": "350 g", "Size Label": "ea"}, {"Category": "Vegan & Vegetarian", "Aisle": "Deli", "Sku": "20160177_EA", "Regular Price": "None", "Sale Price": "4.99", "Image": "https://assets.shop.loblaws.ca/products/20160177/b1/en/front/20160177_front_a01_@2.png", "Brand": "Fontaine Sante", "Url": "https://www.maxi.ca/vege-p-t/p/20160177_EA", "Sub Category": null, "English Name": "Vege P\u00e2t\u00e9", "Size": "227 g", "Size Label": "ea"}, {"Category": "Vegan & Vegetarian", "Aisle": "Deli", "Sku": "21160119_EA", "Regular Price": "None", "Sale Price": "4.49", "Image": "https://assets.shop.loblaws.ca/products/21160119/b1/en/front/21160119_front_a01_@2.png", "Brand": "Sol Cuisine", "Url": "https://www.maxi.ca/sprouted-tofu-extra-firm/p/21160119_EA", "Sub Category": null, "English Name": "Sprouted Tofu Extra Firm", "Size": "400 g", "Size Label": "ea"}, {"Category": "Vegan & Vegetarian", "Aisle": "Deli", "Sku": "21527349_EA", "Regular Price": "None", "Sale Price": "6.99", "Image": "https://assets.shop.loblaws.ca/products/21527349/b1/en/front/21527349_front_a01_@2.png", "Brand": "Lightlife", "Url": "https://www.maxi.ca/teriyaki-tempeh-cubes-plant-based-vegan-protein/p/21527349_EA", "Sub Category": null, "English Name": "Teriyaki Tempeh Cubes, Plant-Based Vegan Protein", "Size": "170 g", "Size Label": "ea"}, {"Category": "Vegan & Vegetarian", "Aisle": "Deli", "Sku": "21284436_EA", "Regular Price": "None", "Sale Price": "9.49", "Image": "https://assets.shop.loblaws.ca/products/21284436/b1/en/front/21284436_front_a01_@2.png", "Brand": "Gusta", "Url": "https://www.maxi.ca/montralaise-vegan-sausage/p/21284436_EA", "Sub Category": null, "English Name": "Montralaise Vegan Sausage", "Size": "350 g", "Size Label": "ea"}, {"Category": "Vegan & Vegetarian", "Aisle": "Deli", "Sku": "21356408_EA", "Regular Price": "None", "Sale Price": "11.00", "Image": "https://assets.shop.loblaws.ca/products/21356408/b1/en/front/21356408_front_a01_@2.png", "Brand": null, "Url": "https://www.maxi.ca/fermented-cashew-specialty-three-peppers-chives/p/21356408_EA", "Sub Category": null, "English Name": "Fermented Cashew Specialty Three Peppers & Chives", "Size": "135 g", "Size Label": "ea"}, {"Category": "Vegan & Vegetarian", "Aisle": "Deli", "Sku": "21160123_EA", "Regular Price": "None", "Sale Price": "4.49", "Image": "https://assets.shop.loblaws.ca/products/21160123/b1/en/front/21160123_front_a01_@2.png", "Brand": "Sol Cuisine", "Url": "https://www.maxi.ca/organic-artisan-tofu-firm/p/21160123_EA", "Sub Category": null, "English Name": "Organic Artisan Tofu Firm", "Size": "400 g", "Size Label": "ea"}, {"Category": "Vegan & Vegetarian", "Aisle": "Deli", "Sku": "21538527_EA", "Regular Price": "None", "Sale Price": "8.69", "Image": "https://assets.shop.loblaws.ca/products/21538527/b1/en/front/21538527_front_a01_@2.png", "Brand": "Daiya", "Url": "https://www.maxi.ca/plant-based-goat-cheeze-flavour-crumbles/p/21538527_EA", "Sub Category": null, "English Name": "Plant-based Goat Cheeze Flavour Crumbles", "Size": "170 g", "Size Label": "ea"}, {"Category": "Vegan & Vegetarian", "Aisle": "Deli", "Sku": "21284430_EA", "Regular Price": "None", "Sale Price": "9.49", "Image": "https://assets.shop.loblaws.ca/products/21284430/b1/en/front/21284430_front_a01_@2.png", "Brand": "Gusta", "Url": "https://www.maxi.ca/espanola-vegan-sausage/p/21284430_EA", "Sub Category": null, "English Name": "Espanola Vegan Sausage", "Size": "350 g", "Size Label": "ea"}, {"Category": "Vegan & Vegetarian", "Aisle": "Deli", "Sku": "21310525_EA", "Regular Price": "None", "Sale Price": "6.79", "Image": "https://assets.shop.loblaws.ca/products/21310525/b1/en/front/21310525_front_a01_@2.png", "Brand": "Big Mountain", "Url": "https://www.maxi.ca/original-veggie-patty/p/21310525_EA", "Sub Category": null, "English Name": "Original Veggie Patty", "Size": "400 g", "Size Label": "ea"}, {"Category": "Vegan & Vegetarian", "Aisle": "Deli", "Sku": "21208916_EA", "Regular Price": "4.99", "Sale Price": "4.49", "Image": "https://assets.shop.loblaws.ca/products/21208916/b1/en/front/21208916_front_a01_@2.png", "Brand": "President's Choice", "Url": "https://www.maxi.ca/plant-based-swiss-style-slices/p/21208916_EA", "Sub Category": null, "English Name": "Plant Based Swiss-Style Slices", "Size": "200 g", "Size Label": "ea"}, {"Category": "Vegan & Vegetarian", "Aisle": "Deli", "Sku": "20114012_EA", "Regular Price": "None", "Sale Price": "4.99", "Image": "https://assets.shop.loblaws.ca/products/20114012/b1/en/front/20114012_front_a01_@2.png", "Brand": "Fontaine Sante", "Url": "https://www.maxi.ca/vegetable-p-t/p/20114012_EA", "Sub Category": null, "English Name": "Vegetable P\u00e2t\u00e9", "Size": "227 g", "Size Label": "ea"}, {"Category": "Vegan & Vegetarian", "Aisle": "Deli", "Sku": "21310605_EA", "Regular Price": "None", "Sale Price": "6.79", "Image": "https://assets.shop.loblaws.ca/products/21310605/b1/en/front/21310605_front_a01_@2.png", "Brand": "Big Mountain", "Url": "https://www.maxi.ca/mighty-mushroom-bites/p/21310605_EA", "Sub Category": null, "English Name": "Mighty Mushroom Bites", "Size": "300 g", "Size Label": "ea"}, {"Category": "Vegan & Vegetarian", "Aisle": "Deli", "Sku": "20975500_EA", "Regular Price": "None", "Sale Price": "6.49", "Image": "https://assets.shop.loblaws.ca/products/20975500/b1/en/front/20975500_front_a01_@2.png", "Brand": "Lightlife", "Url": "https://www.maxi.ca/organic-plant-based-smoky-tempeh-bacon-strips/p/20975500_EA", "Sub Category": null, "English Name": "Organic Plant-Based Smoky Tempeh Bacon Strips", "Size": "170 g", "Size Label": "ea"}, {"Category": "Party Trays", "Aisle": "Deli", "Sku": "20923281_EA", "Regular Price": "None", "Sale Price": "23.29", "Image": "https://assets.shop.loblaws.ca/products/20923281/b1/en/front/20923281_front_a01_@2.png", "Brand": "Hormel", "Url": "https://www.maxi.ca/deli-tray-with-pepperoni-and-genoa-salami/p/20923281_EA", "Sub Category": null, "English Name": "Deli Tray with Pepperoni and Genoa Salami", "Size": "850 g", "Size Label": "ea"}, {"Category": "Party Trays", "Aisle": "Deli", "Sku": "21000971_EA", "Regular Price": "None", "Sale Price": "14.00", "Image": "https://assets.shop.loblaws.ca/products/21000971/b1/en/front/21000971_front_a01_@2.png", "Brand": "Del Monte", "Url": "https://www.maxi.ca/vegetable-tray/p/21000971_EA", "Sub Category": null, "English Name": "Vegetable Tray", "Size": "907 g", "Size Label": "ea"}, {"Category": "Party Trays", "Aisle": "Deli", "Sku": "20278130_EA", "Regular Price": "None", "Sale Price": "12.00", "Image": "https://assets.shop.loblaws.ca/products/20278130/b1/en/front/20278130_front_a01_@2.png", "Brand": "Sunrich", "Url": "https://www.maxi.ca/fruit-tray-with-grapes/p/20278130_EA", "Sub Category": null, "English Name": "Fruit tray with Grapes", "Size": "907 g", "Size Label": "ea"}, {"Category": "Lunch & Snack Kits", "Aisle": "Deli", "Sku": "21310034_EA", "Regular Price": "None", "Sale Price": "4.29", "Image": "https://assets.shop.loblaws.ca/products/21310034/b1/en/front/21310034_front_a01_@2.png", "Brand": "Schneider", "Url": "https://www.maxi.ca/lunch-mate-ham-lunch-kit/p/21310034_EA", "Sub Category": null, "English Name": "Lunch Mate Ham Lunch Kit", "Size": "90 g", "Size Label": "ea"}, {"Category": "Lunch & Snack Kits", "Aisle": "Deli", "Sku": "21309931_EA", "Regular Price": "None", "Sale Price": "4.29", "Image": "https://assets.shop.loblaws.ca/products/21309931/b1/en/front/21309931_front_a01_@2.png", "Brand": "Schneider", "Url": "https://www.maxi.ca/lunch-mate-turkey-lunch-kit/p/21309931_EA", "Sub Category": null, "English Name": "Lunch Mate Turkey Lunch Kit", "Size": "90 g", "Size Label": "ea"}, {"Category": "Lunch & Snack Kits", "Aisle": "Deli", "Sku": "21310081_EA", "Regular Price": "None", "Sale Price": "4.29", "Image": "https://assets.shop.loblaws.ca/products/21310081/b1/en/front/21310081_front_a01_@2.png", "Brand": "Schneider", "Url": "https://www.maxi.ca/lunch-mate-bologna-lunch-kit/p/21310081_EA", "Sub Category": null, "English Name": "Lunch Mate Bologna Lunch Kit", "Size": "90 g", "Size Label": "ea"}, {"Category": "Lunch & Snack Kits", "Aisle": "Deli", "Sku": "21532710_EA", "Regular Price": "None", "Sale Price": "2.49", "Image": "https://assets.shop.loblaws.ca/products/21532710/b1/en/front/21532710_front_a01_@2.png", "Brand": "Grab 'n Snack", "Url": "https://www.maxi.ca/salami-almonds-monterey-jack-cheese-snack-kit/p/21532710_EA", "Sub Category": null, "English Name": "Salami, Almonds, Monterey Jack Cheese Snack Kit", "Size": "48 g", "Size Label": "ea"}, {"Category": "Lunch & Snack Kits", "Aisle": "Deli", "Sku": "21532720_EA", "Regular Price": "None", "Sale Price": "2.49", "Image": "https://assets.shop.loblaws.ca/products/21532720/b1/en/front/21532720_front_a01_@2.png", "Brand": "Grab 'n Snack", "Url": "https://www.maxi.ca/turkey-almond-and-cheddar-cheese-snack-kit/p/21532720_EA", "Sub Category": null, "English Name": "Turkey, Almond, and Cheddar Cheese Snack Kit", "Size": "48 g", "Size Label": "ea"}, {"Category": "Lunch & Snack Kits", "Aisle": "Deli", "Sku": "21532727_EA", "Regular Price": "None", "Sale Price": "2.49", "Image": "https://assets.shop.loblaws.ca/products/21532727/b1/en/front/21532727_front_a01_@2.png", "Brand": "Grab 'n Snack", "Url": "https://www.maxi.ca/oven-roasted-ham-cashew-and-cheddar-snack-kit/p/21532727_EA", "Sub Category": null, "English Name": "Oven Roasted Ham, Cashew, and Cheddar Snack Kit", "Size": "48 g", "Size Label": "ea"}, {"Category": "Bagels, Buns & Rolls", "Aisle": "Bakery", "Sku": "21450791_EA", "Regular Price": "None", "Sale Price": "3.29", "Image": "https://assets.shop.loblaws.ca/products/21450791/b1/en/front/21450791_front_a01_@2.png", "Brand": "DItaliano", "Url": "https://www.maxi.ca/brioche-style-hamburger-buns/p/21450791_EA", "Sub Category": null, "English Name": "Brioche-Style Hamburger Buns", "Size": "560 g", "Size Label": "ea"}, {"Category": "Bagels, Buns & Rolls", "Aisle": "Bakery", "Sku": "21217967_EA", "Regular Price": "2.49", "Sale Price": "2.29", "Image": "https://assets.shop.loblaws.ca/products/21217967/b1/en/front/21217967_front_a01_@2.png", "Brand": "No Name", "Url": "https://www.maxi.ca/bagel-everything/p/21217967_EA", "Sub Category": null, "English Name": "Bagel Everything", "Size": "480 g", "Size Label": "ea"}, {"Category": "Bagels, Buns & Rolls", "Aisle": "Bakery", "Sku": "21217970_EA", "Regular Price": "2.49", "Sale Price": "2.29", "Image": "https://assets.shop.loblaws.ca/products/21217970/b1/en/front/21217970_front_a01_@2.png", "Brand": "No Name", "Url": "https://www.maxi.ca/bagel-plain-6-pack/p/21217970_EA", "Sub Category": null, "English Name": "Bagel Plain 6 Pack", "Size": "510 g", "Size Label": "ea"}, {"Category": "Bagels, Buns & Rolls", "Aisle": "Bakery", "Sku": "21450788_EA", "Regular Price": "None", "Sale Price": "3.29", "Image": "https://assets.shop.loblaws.ca/products/21450788/b1/en/front/21450788_front_a01_@2.png", "Brand": "DItaliano", "Url": "https://www.maxi.ca/brioche-style-sausage-buns/p/21450788_EA", "Sub Category": null, "English Name": "Brioche-Style Sausage Buns", "Size": "420 g", "Size Label": "ea"}, {"Category": "Bagels, Buns & Rolls", "Aisle": "Bakery", "Sku": "20311290_EA", "Regular Price": "None", "Sale Price": "2.79", "Image": "https://assets.shop.loblaws.ca/products/20311290/b1/en/front/20311290_front_a01_@2.png", "Brand": "No Name", "Url": "https://www.maxi.ca/hamburger-buns/p/20311290_EA", "Sub Category": null, "English Name": "Hamburger Buns", "Size": "12 ea", "Size Label": "ea"}, {"Category": "Bagels, Buns & Rolls", "Aisle": "Bakery", "Sku": "20757871_EA", "Regular Price": "None", "Sale Price": "4.59", "Image": "https://assets.shop.loblaws.ca/products/20757871/b1/en/front/20757871_front_a01_@2.png", "Brand": "President's Choice", "Url": "https://www.maxi.ca/traditional-naan-rounds/p/20757871_EA", "Sub Category": null, "English Name": "Traditional Naan Rounds", "Size": "480 g", "Size Label": "ea"}, {"Category": "Bagels, Buns & Rolls", "Aisle": "Bakery", "Sku": "20312718_EA", "Regular Price": "None", "Sale Price": "2.79", "Image": "https://assets.shop.loblaws.ca/products/20312718/b1/en/front/20312718_front_a01_@2.png", "Brand": "No Name", "Url": "https://www.maxi.ca/toasted-hotdog-buns/p/20312718_EA", "Sub Category": null, "English Name": "Toasted Hotdog Buns", "Size": "12 ea", "Size Label": "ea"}, {"Category": "Bagels, Buns & Rolls", "Aisle": "Bakery", "Sku": "20914389_EA", "Regular Price": "None", "Sale Price": "3.99", "Image": "https://assets.shop.loblaws.ca/products/20914389/b1/en/front/20914389_front_a01_@2.png", "Brand": "Country Harvest", "Url": "https://www.maxi.ca/bagels-raisin-cinnamon-with-whole-wheat/p/20914389_EA", "Sub Category": null, "English Name": "Bagels, Raisin Cinnamon with Whole Wheat", "Size": "450 g", "Size Label": "ea"}, {"Category": "Bagels, Buns & Rolls", "Aisle": "Bakery", "Sku": "21207883_EA", "Regular Price": "None", "Sale Price": "4.99", "Image": "https://assets.shop.loblaws.ca/products/21207883/b1/en/front/21207883_front_a01_@2.png", "Brand": "LA FOURNEE DOREE", "Url": "https://www.maxi.ca/sesame-brioche-burger-buns/p/21207883_EA", "Sub Category": null, "English Name": "Sesame Brioche Burger Buns", "Size": "200 g", "Size Label": "ea"}, {"Category": "Bagels, Buns & Rolls", "Aisle": "Bakery", "Sku": "21217965_EA", "Regular Price": "2.49", "Sale Price": "2.29", "Image": "https://assets.shop.loblaws.ca/products/21217965/b1/en/front/21217965_front_a01_@2.png", "Brand": "No Name", "Url": "https://www.maxi.ca/bagel-cinnamon-raisin-6-pack/p/21217965_EA", "Sub Category": null, "English Name": "Bagel Cinnamon Raisin 6 Pack", "Size": "510 g", "Size Label": "ea"}, {"Category": "Bagels, Buns & Rolls", "Aisle": "Bakery", "Sku": "20833310_EA", "Regular Price": "None", "Sale Price": "3.79", "Image": "https://assets.shop.loblaws.ca/products/20833310/b1/en/front/20833310_front_a01_@2.png", "Brand": "La Baguetterie", "Url": "https://www.maxi.ca/ciabatta-rolls/p/20833310_EA", "Sub Category": null, "English Name": "Ciabatta Rolls ", "Size": "400 g", "Size Label": "ea"}, {"Category": "Bagels, Buns & Rolls", "Aisle": "Bakery", "Sku": "21217969_EA", "Regular Price": "2.49", "Sale Price": "2.29", "Image": "https://assets.shop.loblaws.ca/products/21217969/b1/en/front/21217969_front_a01_@2.png", "Brand": "No Name", "Url": "https://www.maxi.ca/bagel-sesame-6-pack/p/21217969_EA", "Sub Category": null, "English Name": "Bagel Sesame 6 Pack", "Size": "510 g", "Size Label": "ea"}, {"Category": "Bagels, Buns & Rolls", "Aisle": "Bakery", "Sku": "21343965_EA", "Regular Price": "None", "Sale Price": "4.79", "Image": "https://assets.shop.loblaws.ca/products/21343965/b1/en/front/21343965_front_a01_@2.png", "Brand": "LA FOURNEE DOREE", "Url": "https://www.maxi.ca/mini-brioches/p/21343965_EA", "Sub Category": null, "English Name": "Mini Brioches", "Size": "480 g", "Size Label": "ea"}, {"Category": "Bagels, Buns & Rolls", "Aisle": "Bakery", "Sku": "21094319_EA", "Regular Price": "None", "Sale Price": "5.49", "Image": "https://assets.shop.loblaws.ca/products/21094319/b1/en/front/21094319_front_a01_@2.png", "Brand": "President's Choice", "Url": "https://www.maxi.ca/brioche-bun/p/21094319_EA", "Sub Category": null, "English Name": "Brioche\u00a0Bun", "Size": "300 g", "Size Label": "ea"}, {"Category": "Bagels, Buns & Rolls", "Aisle": "Bakery", "Sku": "21018516_EA", "Regular Price": "None", "Sale Price": "4.49", "Image": "https://assets.shop.loblaws.ca/products/21018516/b1/en/front/21018516_front_a01_@2.png", "Brand": "PC Blue Menu", "Url": "https://www.maxi.ca/blue-menu-pc-bm-ww-bagels-336g/p/21018516_EA", "Sub Category": null, "English Name": "Blue Menu PC BM WW BAGELS 336G", "Size": "336 g", "Size Label": "ea"}, {"Category": "Bagels, Buns & Rolls", "Aisle": "Bakery", "Sku": "21315229_EA", "Regular Price": "None", "Sale Price": "6.59", "Image": "https://assets.shop.loblaws.ca/products/21315229/b1/en/front/21315229_front_a01_@2.png", "Brand": "LA FOURNEE DOREE", "Url": "https://www.maxi.ca/chinois-brioche-with-vanilla-cream/p/21315229_EA", "Sub Category": null, "English Name": "Chinois Brioche With Vanilla Cream", "Size": "500 g", "Size Label": "ea"}, {"Category": "Bagels, Buns & Rolls", "Aisle": "Bakery", "Sku": "20521049_EA", "Regular Price": "None", "Sale Price": "3.29", "Image": "https://assets.shop.loblaws.ca/products/20521049/b1/en/front/20521049_front_a01_@2.png", "Brand": "DItaliano", "Url": "https://www.maxi.ca/sausage-buns/p/20521049_EA", "Sub Category": null, "English Name": "Sausage Buns", "Size": "456 g", "Size Label": "ea"}, {"Category": "Bagels, Buns & Rolls", "Aisle": "Bakery", "Sku": "21243291_EA", "Regular Price": "None", "Sale Price": "5.29", "Image": "https://assets.shop.loblaws.ca/products/21243291/b1/en/front/21243291_front_a01_@2.png", "Brand": "President's Choice", "Url": "https://www.maxi.ca/gluten-free-hot-dog-buns/p/21243291_EA", "Sub Category": null, "English Name": "Gluten Free Hot Dog Buns", "Size": "65 g", "Size Label": "ea"}, {"Category": "Bagels, Buns & Rolls", "Aisle": "Bakery", "Sku": "20161473_EA", "Regular Price": "3.99", "Sale Price": "1.25", "Image": "https://assets.shop.loblaws.ca/products/20161473/b1/en/front/20161473_front_a01_@2.png", "Brand": "No Name", "Url": "https://www.maxi.ca/salad-rolls/p/20161473_EA", "Sub Category": null, "English Name": "Salad Rolls", "Size": "12 ea", "Size Label": "ea"}, {"Category": "Bagels, Buns & Rolls", "Aisle": "Bakery", "Sku": "21410779_EA", "Regular Price": "None", "Sale Price": "5.99", "Image": "https://assets.shop.loblaws.ca/products/21410779/b1/en/front/21410779_front_a01_@2.png", "Brand": "President's Choice", "Url": "https://www.maxi.ca/brioche-mini-rolls/p/21410779_EA", "Sub Category": null, "English Name": "Brioche Mini Rolls", "Size": "400 g", "Size Label": "ea"}, {"Category": "Bagels, Buns & Rolls", "Aisle": "Bakery", "Sku": "21305535_EA", "Regular Price": "None", "Sale Price": "4.99", "Image": "https://assets.shop.loblaws.ca/products/21305535/b1/en/front/21305535_front_a01_@2.png", "Brand": "PC Organics", "Url": "https://www.maxi.ca/organic-everything-bagel/p/21305535_EA", "Sub Category": null, "English Name": "Organic Everything Bagel", "Size": "450 g", "Size Label": "ea"}, {"Category": "Bagels, Buns & Rolls", "Aisle": "Bakery", "Sku": "21018518_EA", "Regular Price": "None", "Sale Price": "4.49", "Image": "https://assets.shop.loblaws.ca/products/21018518/b1/en/front/21018518_front_a01_@2.png", "Brand": "PC Blue Menu", "Url": "https://www.maxi.ca/everything-bagels-6-bagels/p/21018518_EA", "Sub Category": null, "English Name": "Everything Bagels 6 Bagels", "Size": "336 g", "Size Label": "ea"}, {"Category": "Bagels, Buns & Rolls", "Aisle": "Bakery", "Sku": "21181440_EA", "Regular Price": "4.99", "Sale Price": "2.99", "Image": "https://assets.shop.loblaws.ca/products/21181440/b1/en/front/21181440_front_a01_@2.png", "Brand": "Chef Frankie", "Url": "https://www.maxi.ca/bagel-sesame-seeds/p/21181440_EA", "Sub Category": null, "English Name": "Bagel Sesame Seeds", "Size": "480 g", "Size Label": "ea"}, {"Category": "Bagels, Buns & Rolls", "Aisle": "Bakery", "Sku": "20248349_EA", "Regular Price": "None", "Sale Price": "3.79", "Image": "https://assets.shop.loblaws.ca/products/20248349/b1/en/front/20248349_front_a01_@2.png", "Brand": "Gadoua", "Url": "https://www.maxi.ca/moelleux-hamburger-buns/p/20248349_EA", "Sub Category": null, "English Name": "Moelleux Hamburger Buns", "Size": "366 g", "Size Label": "ea"}, {"Category": "Bagels, Buns & Rolls", "Aisle": "Bakery", "Sku": "20030065_EA", "Regular Price": "None", "Sale Price": "3.79", "Image": "https://assets.shop.loblaws.ca/products/20030065/b1/en/front/20030065_front_a01_@2.png", "Brand": "Gadoua", "Url": "https://www.maxi.ca/hotdog-rolls/p/20030065_EA", "Sub Category": null, "English Name": "Hotdog Rolls", "Size": "6 pack", "Size Label": "ea"}, {"Category": "Bagels, Buns & Rolls", "Aisle": "Bakery", "Sku": "20320498_EA", "Regular Price": "None", "Sale Price": "3.99", "Image": "https://assets.shop.loblaws.ca/products/20320498/b1/en/front/20320498_front_a01_@2.png", "Brand": "Gadoua", "Url": "https://www.maxi.ca/plain-bagels/p/20320498_EA", "Sub Category": null, "English Name": "Plain Bagels", "Size": "6x90.0 g", "Size Label": "ea"}, {"Category": "Bagels, Buns & Rolls", "Aisle": "Bakery", "Sku": "20102776_EA", "Regular Price": "None", "Sale Price": "2.79", "Image": "https://assets.shop.loblaws.ca/products/20102776/b1/en/front/20102776_front_a01_@2.png", "Brand": "No Name", "Url": "https://www.maxi.ca/steamed-hotdog-buns/p/20102776_EA", "Sub Category": null, "English Name": "Steamed Hotdog Buns", "Size": "12 ea", "Size Label": "ea"}, {"Category": "Bagels, Buns & Rolls", "Aisle": "Bakery", "Sku": "20106132_EA", "Regular Price": "None", "Sale Price": "3.99", "Image": "https://assets.shop.loblaws.ca/products/20106132/b1/en/front/20106132_front_a01_@2.png", "Brand": "Weston", "Url": "https://www.maxi.ca/dinner-rolls-white/p/20106132_EA", "Sub Category": null, "English Name": "Dinner Rolls White", "Size": "20x35.0 g", "Size Label": "ea"}, {"Category": "Bagels, Buns & Rolls", "Aisle": "Bakery", "Sku": "20587369_EA", "Regular Price": "None", "Sale Price": "3.29", "Image": "https://assets.shop.loblaws.ca/products/20587369/b1/en/front/20587369_front_a01_@2.png", "Brand": "DItaliano", "Url": "https://www.maxi.ca/hamburger-buns-brizzolio-extra-soft/p/20587369_EA", "Sub Category": null, "English Name": "Hamburger Buns Brizzolio Extra Soft", "Size": "528 g", "Size Label": "ea"}, {"Category": "Bagels, Buns & Rolls", "Aisle": "Bakery", "Sku": "20064191_EA", "Regular Price": "None", "Sale Price": "3.99", "Image": "https://assets.shop.loblaws.ca/products/20064191/b1/en/front/20064191_front_a01_@2.png", "Brand": "Gadoua", "Url": "https://www.maxi.ca/hamburger-buns-giant-sesame/p/20064191_EA", "Sub Category": null, "English Name": "Hamburger Buns, Giant Sesame", "Size": "8 pack", "Size Label": "ea"}, {"Category": "Bagels, Buns & Rolls", "Aisle": "Bakery", "Sku": "21431172_EA", "Regular Price": "None", "Sale Price": "5.49", "Image": "https://assets.shop.loblaws.ca/products/21431172/b1/en/front/21431172_front_a01_@2.png", "Brand": "President's Choice", "Url": "https://www.maxi.ca/brioche-hot-dog-buns/p/21431172_EA", "Sub Category": null, "English Name": "Brioche Hot Dog Buns", "Size": "270 g", "Size Label": "ea"}, {"Category": "Bagels, Buns & Rolls", "Aisle": "Bakery", "Sku": "20979260_EA", "Regular Price": "None", "Sale Price": "6.39", "Image": "https://assets.shop.loblaws.ca/products/20979260/b1/en/front/20979260_front_a01_@2.png", "Brand": "ACE", "Url": "https://www.maxi.ca/bocata-ronda-roll/p/20979260_EA", "Sub Category": null, "English Name": "Bocata Ronda Roll", "Size": "800 g", "Size Label": "ea"}, {"Category": "Bagels, Buns & Rolls", "Aisle": "Bakery", "Sku": "21243173_EA", "Regular Price": "None", "Sale Price": "5.29", "Image": "https://assets.shop.loblaws.ca/products/21243173/b1/en/front/21243173_front_a01_@2.png", "Brand": "President's Choice", "Url": "https://www.maxi.ca/gluten-free-hamburger-buns/p/21243173_EA", "Sub Category": null, "English Name": "Gluten Free Hamburger Buns", "Size": "80 g", "Size Label": "ea"}, {"Category": "Bagels, Buns & Rolls", "Aisle": "Bakery", "Sku": "21172329_EA", "Regular Price": "None", "Sale Price": "2.99", "Image": "https://assets.loblaws.ca/pcx_bronx_fe_assets/images/common/coming-soon-en-web.png", "Brand": "Chef Frankie", "Url": "https://www.maxi.ca/bagelwich-sesame-seed/p/21172329_EA", "Sub Category": null, "English Name": "Bagelwich Sesame Seed", "Size": "420 g", "Size Label": "ea"}, {"Category": "Bagels, Buns & Rolls", "Aisle": "Bakery", "Sku": "21431223_EA", "Regular Price": "None", "Sale Price": "2.99", "Image": "https://assets.shop.loblaws.ca/products/21431223/b1/en/front/21431223_front_a01_@2.png", "Brand": "No Name", "Url": "https://www.maxi.ca/dinner-roll-whole-wheat/p/21431223_EA", "Sub Category": null, "English Name": "Dinner Roll Whole Wheat", "Size": "420 g", "Size Label": "ea"}, {"Category": "Bagels, Buns & Rolls", "Aisle": "Bakery", "Sku": "20332961_EA", "Regular Price": "None", "Sale Price": "4.49", "Image": "https://assets.shop.loblaws.ca/products/20332961/b1/en/front/20332961_front_a01_@2.png", "Brand": "President's Choice", "Url": "https://www.maxi.ca/thins-buns-multigrain/p/20332961_EA", "Sub Category": null, "English Name": "Thins Buns Multigrain", "Size": "8x60.0 g", "Size Label": "ea"}, {"Category": "Bagels, Buns & Rolls", "Aisle": "Bakery", "Sku": "20521048_EA", "Regular Price": "None", "Sale Price": "3.29", "Image": "https://assets.shop.loblaws.ca/products/20521048/b1/en/front/20521048_front_a01_@2.png", "Brand": "DItaliano", "Url": "https://www.maxi.ca/crustini-buns/p/20521048_EA", "Sub Category": null, "English Name": "Crustini Buns", "Size": "568 g", "Size Label": "ea"}, {"Category": "Bagels, Buns & Rolls", "Aisle": "Bakery", "Sku": "20371958_EA", "Regular Price": "None", "Sale Price": "4.49", "Image": "https://assets.shop.loblaws.ca/products/20371958/b1/en/front/20371958_front_a01_@2.png", "Brand": "President's Choice", "Url": "https://www.maxi.ca/burger-buns-gigantico/p/20371958_EA", "Sub Category": null, "English Name": "Burger Buns Gigantico", "Size": "8x71.0 g", "Size Label": "ea"}, {"Category": "Bagels, Buns & Rolls", "Aisle": "Bakery", "Sku": "20251061_EA", "Regular Price": "None", "Sale Price": "3.99", "Image": "https://assets.shop.loblaws.ca/products/20251061/b1/en/front/20251061_front_a01_@2.png", "Brand": "Gadoua", "Url": "https://www.maxi.ca/cinnamon-raisin-bagels/p/20251061_EA", "Sub Category": null, "English Name": "Cinnamon Raisin Bagels", "Size": "6x90.0 g", "Size Label": "ea"}, {"Category": "Bagels, Buns & Rolls", "Aisle": "Bakery", "Sku": "20317755_EA", "Regular Price": "None", "Sale Price": "4.49", "Image": "https://assets.shop.loblaws.ca/products/20317755/b1/en/front/20317755_front_a01_@2.png", "Brand": "PC Blue Menu", "Url": "https://www.maxi.ca/white-whole-grain-thin-buns/p/20317755_EA", "Sub Category": null, "English Name": "White Whole Grain Thin Buns", "Size": "8x60.0 g", "Size Label": "ea"}, {"Category": "Bagels, Buns & Rolls", "Aisle": "Bakery", "Sku": "20857585_EA", "Regular Price": "None", "Sale Price": "6.39", "Image": "https://assets.shop.loblaws.ca/products/20857585/b1/en/front/20857585_front_a01_@2.png", "Brand": "ACE", "Url": "https://www.maxi.ca/ciabatta-piccola/p/20857585_EA", "Sub Category": null, "English Name": "Ciabatta Piccola", "Size": "800 g", "Size Label": "ea"}, {"Category": "Bagels, Buns & Rolls", "Aisle": "Bakery", "Sku": "21549584_EA", "Regular Price": "None", "Sale Price": "5.00", "Image": "https://assets.shop.loblaws.ca/products/21549584/b1/en/front/21549584_front_a01_@2.png", "Brand": "Mrs Dunster", "Url": "https://www.maxi.ca/submarine-buns/p/21549584_EA", "Sub Category": null, "English Name": "Submarine Buns", "Size": "678 g", "Size Label": "ea"}, {"Category": "Bagels, Buns & Rolls", "Aisle": "Bakery", "Sku": "21217964_EA", "Regular Price": "2.49", "Sale Price": "2.29", "Image": "https://assets.shop.loblaws.ca/products/21217964/b1/en/front/21217964_front_a01_@2.png", "Brand": "No Name", "Url": "https://www.maxi.ca/bagel-poppy-seed/p/21217964_EA", "Sub Category": null, "English Name": "Bagel Poppy Seed", "Size": "510 g", "Size Label": "ea"}, {"Category": "Bagels, Buns & Rolls", "Aisle": "Bakery", "Sku": "20840702_EA", "Regular Price": "None", "Sale Price": "6.39", "Image": "https://assets.shop.loblaws.ca/products/20840702/b1/en/front/20840702_front_a01_@2.png", "Brand": "ACE", "Url": "https://www.maxi.ca/ciabatta-pezzetti-duo/p/20840702_EA", "Sub Category": null, "English Name": "Ciabatta Pezzetti Duo", "Size": "840 g", "Size Label": "ea"}, {"Category": "Bagels, Buns & Rolls", "Aisle": "Bakery", "Sku": "20331027_EA", "Regular Price": "None", "Sale Price": "4.49", "Image": "https://assets.shop.loblaws.ca/products/20331027/b1/en/front/20331027_front_a01_@2.png", "Brand": "President's Choice", "Url": "https://www.maxi.ca/thins-white-buns-whole-grain/p/20331027_EA", "Sub Category": null, "English Name": "Thins White Buns, Whole Grain", "Size": "8x60.0 g", "Size Label": "ea"}, {"Category": "Bagels, Buns & Rolls", "Aisle": "Bakery", "Sku": "21215222_EA", "Regular Price": "3.99", "Sale Price": "2.99", "Image": "https://assets.shop.loblaws.ca/products/21215222/b1/en/front/21215222_front_a01_@2.png", "Brand": "Chef Frankie", "Url": "https://www.maxi.ca/bagel-everything/p/21215222_EA", "Sub Category": null, "English Name": "Bagel Everything", "Size": "480 g", "Size Label": "ea"}, {"Category": "Bagels, Buns & Rolls", "Aisle": "Bakery", "Sku": "21548462_EA", "Regular Price": "None", "Sale Price": "3.49", "Image": "https://assets.shop.loblaws.ca/products/21548462/b1/en/front/21548462_front_a01_@2.png", "Brand": "Mrs Dunster", "Url": "https://www.maxi.ca/small-submarine-buns/p/21548462_EA", "Sub Category": null, "English Name": "Small Submarine Buns", "Size": "377 g", "Size Label": "ea"}, {"Category": "Bagels, Buns & Rolls", "Aisle": "Bakery", "Sku": "21431243_EA", "Regular Price": "None", "Sale Price": "2.99", "Image": "https://assets.shop.loblaws.ca/products/21431243/b1/en/front/21431243_front_a01_@2.png", "Brand": "No Name", "Url": "https://www.maxi.ca/dinner-roll/p/21431243_EA", "Sub Category": null, "English Name": "Dinner Roll", "Size": "420 g", "Size Label": "ea"}, {"Category": "Bagels, Buns & Rolls", "Aisle": "Bakery", "Sku": "21217968_EA", "Regular Price": "2.49", "Sale Price": "2.29", "Image": "https://assets.shop.loblaws.ca/products/21217968/b1/en/front/21217968_front_a01_@2.png", "Brand": "No Name", "Url": "https://www.maxi.ca/bagel-whole-wheat/p/21217968_EA", "Sub Category": null, "English Name": "Bagel Whole Wheat", "Size": "510 g", "Size Label": "ea"}, {"Category": "Cakes & Desserts", "Aisle": "Bakery", "Sku": "20566294_EA", "Regular Price": "None", "Sale Price": "5.50", "Image": "https://assets.shop.loblaws.ca/products/20566294/b1/en/front/20566294_front_a01_@2.png", "Brand": "Farmer's Market", "Url": "https://www.maxi.ca/oatmeal-chocolate-cookies/p/20566294_EA", "Sub Category": null, "English Name": "Oatmeal & Chocolate Cookies", "Size": "456 g", "Size Label": "ea"}, {"Category": "Cakes & Desserts", "Aisle": "Bakery", "Sku": "20963606_EA", "Regular Price": "3.49", "Sale Price": "2.99", "Image": "https://assets.shop.loblaws.ca/products/20963606/b1/en/front/20963606_front_a01_@2.png", "Brand": "Vachon", "Url": "https://www.maxi.ca/jos-louis-the-original-cakes/p/20963606_EA", "Sub Category": null, "English Name": "Jos Louis The Original Cakes", "Size": "324 g", "Size Label": "ea"}, {"Category": "Cakes & Desserts", "Aisle": "Bakery", "Sku": "20566774_EA", "Regular Price": "None", "Sale Price": "5.50", "Image": "https://assets.shop.loblaws.ca/products/20566774/b1/en/front/20566774_front_a01_@2.png", "Brand": "Farmer's Market", "Url": "https://www.maxi.ca/chocolate-chip-cookies/p/20566774_EA", "Sub Category": null, "English Name": "Chocolate Chip Cookies", "Size": "456 g", "Size Label": "ea"}, {"Category": "Cakes & Desserts", "Aisle": "Bakery", "Sku": "21417380_EA", "Regular Price": "None", "Sale Price": "2.99", "Image": "https://assets.shop.loblaws.ca/products/21417380/b1/en/front/21417380_front_a01_@2.png", "Brand": "School Safe", "Url": "https://www.maxi.ca/muffin-bars-banana-chocolate-chip/p/21417380_EA", "Sub Category": null, "English Name": "Muffin Bars Banana Chocolate Chip", "Size": "296 g", "Size Label": "ea"}, {"Category": "Cakes & Desserts", "Aisle": "Bakery", "Sku": "20566295_EA", "Regular Price": "None", "Sale Price": "5.50", "Image": "https://assets.shop.loblaws.ca/products/20566295/b1/en/front/20566295_front_a01_@2.png", "Brand": "Farmer's Market", "Url": "https://www.maxi.ca/oatmeal-raisin-cookies/p/20566295_EA", "Sub Category": null, "English Name": "Oatmeal Raisin Cookies", "Size": "456 g", "Size Label": "ea"}, {"Category": "Cakes & Desserts", "Aisle": "Bakery", "Sku": "20005728_EA", "Regular Price": "None", "Sale Price": "2.99", "Image": "https://assets.shop.loblaws.ca/products/20005728/b1/en/front/20005728_front_a01_@2.png", "Brand": "Vachon", "Url": "https://www.maxi.ca/ah-caramel/p/20005728_EA", "Sub Category": null, "English Name": "Ah Caramel", "Size": "336 g", "Size Label": "ea"}, {"Category": "Cakes & Desserts", "Aisle": "Bakery", "Sku": "20565382_EA", "Regular Price": "None", "Sale Price": "4.50", "Image": "https://assets.shop.loblaws.ca/products/20565382/b1/en/front/20565382_front_a01_@2.png", "Brand": "Farmer's Market", "Url": "https://www.maxi.ca/loaf-cake-banana/p/20565382_EA", "Sub Category": null, "English Name": "Loaf Cake, Banana", "Size": "390 g", "Size Label": "ea"}, {"Category": "Cakes & Desserts", "Aisle": "Bakery", "Sku": "21363224_EA", "Regular Price": "4.49", "Sale Price": "2.99", "Image": "https://assets.shop.loblaws.ca/products/21363224/b1/en/front/21363224_front_a01_@2.png", "Brand": "School Safe", "Url": "https://www.maxi.ca/muffin-bars-birthday-cake/p/21363224_EA", "Sub Category": null, "English Name": "Muffin Bars Birthday Cake", "Size": "296 g", "Size Label": "ea"}, {"Category": "Cakes & Desserts", "Aisle": "Bakery", "Sku": "21345460_EA", "Regular Price": "None", "Sale Price": "1.50", "Image": "https://assets.shop.loblaws.ca/products/21345460/b1/en/front/21345460_front_a01_@2.png", "Brand": null, "Url": "https://www.maxi.ca/old-fashioned-apple-pie/p/21345460_EA", "Sub Category": null, "English Name": "Old Fashioned Apple Pie", "Size": "114 g", "Size Label": "ea"}, {"Category": "Cakes & Desserts", "Aisle": "Bakery", "Sku": "21488954_EA", "Regular Price": "None", "Sale Price": "4.50", "Image": "https://assets.shop.loblaws.ca/products/21488954/b1/en/front/21488954_front_a01_@2.png", "Brand": "Farmer's Market", "Url": "https://www.maxi.ca/lemon-poppyseed-iced-loaf-cake/p/21488954_EA", "Sub Category": null, "English Name": "Lemon Poppyseed Iced Loaf Cake", "Size": "400 g", "Size Label": "ea"}, {"Category": "Cakes & Desserts", "Aisle": "Bakery", "Sku": "21297365_EA", "Regular Price": "None", "Sale Price": "7.50", "Image": "https://assets.shop.loblaws.ca/products/21297365/b1/en/front/21297365_front_a01_@2.png", "Brand": "Farmer's Market", "Url": "https://www.maxi.ca/pumpkin-pie-10-inch/p/21297365_EA", "Sub Category": null, "English Name": "Pumpkin Pie 10 Inch", "Size": "900 g", "Size Label": "ea"}, {"Category": "Cakes & Desserts", "Aisle": "Bakery", "Sku": "21345436_EA", "Regular Price": "None", "Sale Price": "1.50", "Image": "https://assets.shop.loblaws.ca/products/21345436/b1/en/front/21345436_front_a01_@2.png", "Brand": null, "Url": "https://www.maxi.ca/old-fashioned-wild-blueberry-pie/p/21345436_EA", "Sub Category": null, "English Name": "Old Fashioned Wild Blueberry Pie", "Size": "114 g", "Size Label": "ea"}, {"Category": "Cakes & Desserts", "Aisle": "Bakery", "Sku": "21298140_EA", "Regular Price": "4.00", "Sale Price": "3.50", "Image": "https://assets.shop.loblaws.ca/products/21298140/b1/en/front/21298140_front_a01_@2.png", "Brand": "two-bite", "Url": "https://www.maxi.ca/mini-vanilla-cupcakes-12-pack/p/21298140_EA", "Sub Category": null, "English Name": "Mini Vanilla Cupcakes 12 Pack", "Size": "284 g", "Size Label": "ea"}, {"Category": "Cakes & Desserts", "Aisle": "Bakery", "Sku": "21392547_EA", "Regular Price": "None", "Sale Price": "5.50", "Image": "https://assets.shop.loblaws.ca/products/21392547/b1/en/front/21392547_front_a01_@2.png", "Brand": "Baxters", "Url": "https://www.maxi.ca/quinn-s-swiss-roll-chocolate/p/21392547_EA", "Sub Category": null, "English Name": "Quinn's Swiss Roll Chocolate", "Size": "6x67.0 g", "Size Label": "ea"}, {"Category": "Cakes & Desserts", "Aisle": "Bakery", "Sku": "21027889_EA", "Regular Price": "3.49", "Sale Price": "2.99", "Image": "https://assets.shop.loblaws.ca/products/21027889/b1/en/front/21027889_front_a01_@2.png", "Brand": "Vachon", "Url": "https://www.maxi.ca/vanilla-flavour-cakes-1-2-lune-moon/p/21027889_EA", "Sub Category": null, "English Name": "Vanilla Flavour Cakes 1/2 Lune Moon ", "Size": "282 g", "Size Label": "ea"}, {"Category": "Cakes & Desserts", "Aisle": "Bakery", "Sku": "21489018_EA", "Regular Price": "None", "Sale Price": "4.50", "Image": "https://assets.shop.loblaws.ca/products/21489018/b1/en/front/21489018_front_a01_@2.png", "Brand": "Farmer's Market", "Url": "https://www.maxi.ca/cinnamon-swirl-iced-loaf-cake/p/21489018_EA", "Sub Category": null, "English Name": "Cinnamon Swirl Iced Loaf Cake", "Size": "400 g", "Size Label": "ea"}, {"Category": "Cakes & Desserts", "Aisle": "Bakery", "Sku": "21542160_EA", "Regular Price": "None", "Sale Price": "4.50", "Image": "https://assets.shop.loblaws.ca/products/21542160/b1/en/front/21542160_front_a01_@2.png", "Brand": "Farmer's Market", "Url": "https://www.maxi.ca/banana-loaf-cake-sliced/p/21542160_EA", "Sub Category": null, "English Name": "Banana Loaf Cake, Sliced", "Size": "376 g", "Size Label": "ea"}, {"Category": "Cakes & Desserts", "Aisle": "Bakery", "Sku": "21363229_EA", "Regular Price": "4.49", "Sale Price": "2.99", "Image": "https://assets.shop.loblaws.ca/products/21363229/b1/en/front/21363229_front_a01_@2.png", "Brand": "School Safe", "Url": "https://www.maxi.ca/brownie-bars/p/21363229_EA", "Sub Category": null, "English Name": "Brownie Bars ", "Size": "296 g", "Size Label": "ea"}, {"Category": "Cakes & Desserts", "Aisle": "Bakery", "Sku": "21297367_EA", "Regular Price": "None", "Sale Price": "7.50", "Image": "https://assets.shop.loblaws.ca/products/21297367/b1/en/front/21297367_front_a01_@2.png", "Brand": "Farmer's Market", "Url": "https://www.maxi.ca/apple-pie-10-inch/p/21297367_EA", "Sub Category": null, "English Name": "Apple Pie 10 Inch", "Size": "1 kg", "Size Label": "ea"}, {"Category": "Cakes & Desserts", "Aisle": "Bakery", "Sku": "20566369_EA", "Regular Price": "None", "Sale Price": "7.00", "Image": "https://assets.shop.loblaws.ca/products/20566369/b1/en/front/20566369_front_a01_@2.png", "Brand": "Farmer's Market", "Url": "https://www.maxi.ca/chocolate-chip-cookies/p/20566369_EA", "Sub Category": null, "English Name": "Chocolate Chip Cookies", "Size": "798 g", "Size Label": "ea"}, {"Category": "Cakes & Desserts", "Aisle": "Bakery", "Sku": "21542157_EA", "Regular Price": "None", "Sale Price": "4.50", "Image": "https://assets.shop.loblaws.ca/products/21542157/b1/en/front/21542157_front_a01_@2.png", "Brand": "Farmer's Market", "Url": "https://www.maxi.ca/sliced-loaf-cake-marble/p/21542157_EA", "Sub Category": null, "English Name": "Sliced Loaf Cake, Marble", "Size": "344 g", "Size Label": "ea"}, {"Category": "Cakes & Desserts", "Aisle": "Bakery", "Sku": "20565934_EA", "Regular Price": "None", "Sale Price": "7.00", "Image": "https://assets.shop.loblaws.ca/products/20565934/b1/en/front/20565934_front_a01_@2.png", "Brand": "Farmer's Market", "Url": "https://www.maxi.ca/oatmeal-chocolate-chip-cookies/p/20565934_EA", "Sub Category": null, "English Name": "Oatmeal Chocolate Chip Cookies", "Size": "798 g", "Size Label": "ea"}, {"Category": "Cakes & Desserts", "Aisle": "Bakery", "Sku": "21345421_EA", "Regular Price": "None", "Sale Price": "1.50", "Image": "https://assets.shop.loblaws.ca/products/21345421/b1/en/front/21345421_front_a01_@2.png", "Brand": null, "Url": "https://www.maxi.ca/old-fashioned-lemon-pie/p/21345421_EA", "Sub Category": null, "English Name": "Old Fashioned Lemon Pie ", "Size": "114 g", "Size Label": "ea"}, {"Category": "Cakes & Desserts", "Aisle": "Bakery", "Sku": "21216499_EA", "Regular Price": "None", "Sale Price": "5.50", "Image": "https://assets.shop.loblaws.ca/products/21216499/b1/en/front/21216499_front_a01_@2.png", "Brand": "Farmer's Market", "Url": "https://www.maxi.ca/fudge-square/p/21216499_EA", "Sub Category": null, "English Name": "Fudge Square", "Size": "400 g", "Size Label": "ea"}, {"Category": "Cakes & Desserts", "Aisle": "Bakery", "Sku": "21216501_EA", "Regular Price": "None", "Sale Price": "5.50", "Image": "https://assets.shop.loblaws.ca/products/21216501/b1/en/front/21216501_front_a01_@2.png", "Brand": "Farmer's Market", "Url": "https://www.maxi.ca/nanaimo-square/p/21216501_EA", "Sub Category": null, "English Name": "Nanaimo Square", "Size": "400 g", "Size Label": "ea"}, {"Category": "Cakes & Desserts", "Aisle": "Bakery", "Sku": "21423332_EA", "Regular Price": "None", "Sale Price": "4.50", "Image": "https://assets.shop.loblaws.ca/products/21423332/b1/en/front/21423332_front_a01_@2.png", "Brand": "Charlottes", "Url": "https://www.maxi.ca/real-chocolate-brownie-bites/p/21423332_EA", "Sub Category": null, "English Name": "Real Chocolate Brownie Bites", "Size": "290 g", "Size Label": "ea"}, {"Category": "Cakes & Desserts", "Aisle": "Bakery", "Sku": "21298138_EA", "Regular Price": "4.00", "Sale Price": "3.50", "Image": "https://assets.shop.loblaws.ca/products/21298138/b1/en/front/21298138_front_a01_@2.png", "Brand": "two-bite", "Url": "https://www.maxi.ca/mini-chocolate-cupcakes-12-pack/p/21298138_EA", "Sub Category": null, "English Name": "Mini Chocolate Cupcakes 12 Pack", "Size": "284 g", "Size Label": "ea"}, {"Category": "Cakes & Desserts", "Aisle": "Bakery", "Sku": "20308897_EA", "Regular Price": "None", "Sale Price": "5.00", "Image": "https://assets.shop.loblaws.ca/products/20308897/b1/en/front/20308897_front_a01_@2.png", "Brand": "Farmer's Market", "Url": "https://www.maxi.ca/pecan-butter-tarts/p/20308897_EA", "Sub Category": null, "English Name": "Pecan Butter Tarts", "Size": "6x85.0 g", "Size Label": "ea"}, {"Category": "Cakes & Desserts", "Aisle": "Bakery", "Sku": "20611096_EA", "Regular Price": "None", "Sale Price": "4.50", "Image": "https://assets.shop.loblaws.ca/products/20611096/b1/en/front/20611096_front_a01_@2.png", "Brand": "Farmer's Market", "Url": "https://www.maxi.ca/loaf-cake-marble/p/20611096_EA", "Sub Category": null, "English Name": "Loaf Cake, Marble", "Size": "390 g", "Size Label": "ea"}, {"Category": "Cakes & Desserts", "Aisle": "Bakery", "Sku": "20566772_EA", "Regular Price": "None", "Sale Price": "5.50", "Image": "https://assets.shop.loblaws.ca/products/20566772/b1/en/front/20566772_front_a01_@2.png", "Brand": "Farmer's Market", "Url": "https://www.maxi.ca/cookies-oatmeal/p/20566772_EA", "Sub Category": null, "English Name": "Cookies Oatmeal", "Size": "456 g", "Size Label": "ea"}, {"Category": "Cakes & Desserts", "Aisle": "Bakery", "Sku": "21216516_EA", "Regular Price": "None", "Sale Price": "5.50", "Image": "https://assets.shop.loblaws.ca/products/21216516/b1/en/front/21216516_front_a01_@2.png", "Brand": "Farmer's Market", "Url": "https://www.maxi.ca/date-square/p/21216516_EA", "Sub Category": null, "English Name": "Date Square", "Size": "450 g", "Size Label": "ea"}, {"Category": "Cakes & Desserts", "Aisle": "Bakery", "Sku": "21345434_EA", "Regular Price": "None", "Sale Price": "1.50", "Image": "https://assets.shop.loblaws.ca/products/21345434/b1/en/front/21345434_front_a01_@2.png", "Brand": null, "Url": "https://www.maxi.ca/old-fashioned-cherry-pie/p/21345434_EA", "Sub Category": null, "English Name": "Old Fashioned Cherry Pie", "Size": "114 g", "Size Label": "ea"}, {"Category": "Cakes & Desserts", "Aisle": "Bakery", "Sku": "20566120_EA", "Regular Price": "None", "Sale Price": "7.00", "Image": "https://assets.shop.loblaws.ca/products/20566120/b1/en/front/20566120_front_a01_@2.png", "Brand": "Farmer's Market", "Url": "https://www.maxi.ca/oatmeal-raisin-cookies/p/20566120_EA", "Sub Category": null, "English Name": "Oatmeal Raisin Cookies", "Size": "798 g", "Size Label": "ea"}, {"Category": "Cakes & Desserts", "Aisle": "Bakery", "Sku": "21392536_EA", "Regular Price": "None", "Sale Price": "5.50", "Image": "https://assets.shop.loblaws.ca/products/21392536/b1/en/front/21392536_front_a01_@2.png", "Brand": "Baxters", "Url": "https://www.maxi.ca/quinn-s-vanilla-raspberry-cream/p/21392536_EA", "Sub Category": null, "English Name": "Quinn's Vanilla Raspberry Cream", "Size": "6x67.0 g", "Size Label": "ea"}, {"Category": "Cakes & Desserts", "Aisle": "Bakery", "Sku": "21529216_EA", "Regular Price": "None", "Sale Price": "4.29", "Image": "https://assets.shop.loblaws.ca/products/21529216/b1/en/front/21529216_front_a01_@2.png", "Brand": "School Safe", "Url": "https://www.maxi.ca/bursting-blueberry/p/21529216_EA", "Sub Category": null, "English Name": "Bursting Blueberry", "Size": "280 g", "Size Label": "ea"}, {"Category": "Cakes & Desserts", "Aisle": "Bakery", "Sku": "21364696_EA", "Regular Price": "None", "Sale Price": "7.00", "Image": "https://assets.shop.loblaws.ca/products/21364696/b1/en/front/21364696_front_a01_@2.png", "Brand": "Farmer's Market", "Url": "https://www.maxi.ca/butter-tarts/p/21364696_EA", "Sub Category": null, "English Name": "Butter Tarts", "Size": "765 g", "Size Label": "ea"}, {"Category": "Cakes & Desserts", "Aisle": "Bakery", "Sku": "21493396_EA", "Regular Price": "None", "Sale Price": "6.00", "Image": "https://assets.shop.loblaws.ca/products/21493396/b1/en/front/21493396_front_a01_@2.png", "Brand": "Grandmother's Bake Shoppe", "Url": "https://www.maxi.ca/butter-tarts-plain/p/21493396_EA", "Sub Category": null, "English Name": "Butter Tarts Plain", "Size": "765 g", "Size Label": "ea"}, {"Category": "Cakes & Desserts", "Aisle": "Bakery", "Sku": "21500612_EA", "Regular Price": "None", "Sale Price": "12.00", "Image": "https://assets.shop.loblaws.ca/products/21500612/b1/en/front/21500612_front_a01_@2.png", "Brand": "Farmer's Market", "Url": "https://www.maxi.ca/tuxedo-cake/p/21500612_EA", "Sub Category": null, "English Name": "Tuxedo Cake", "Size": "753 g", "Size Label": "ea"}, {"Category": "Cakes & Desserts", "Aisle": "Bakery", "Sku": "20611092_EA", "Regular Price": "None", "Sale Price": "4.50", "Image": "https://assets.shop.loblaws.ca/products/20611092/b1/en/front/20611092_front_a01_@2.png", "Brand": "Farmer's Market", "Url": "https://www.maxi.ca/loaf-cake-golden/p/20611092_EA", "Sub Category": null, "English Name": "Loaf Cake, Golden", "Size": "390 g", "Size Label": "ea"}, {"Category": "Cakes & Desserts", "Aisle": "Bakery", "Sku": "21193724_EA", "Regular Price": "None", "Sale Price": "18.00", "Image": "https://assets.shop.loblaws.ca/products/21193724/b1/en/front/21193724_front_a01_@2.png", "Brand": "Farmer's Market", "Url": "https://www.maxi.ca/cake-chocolate/p/21193724_EA", "Sub Category": null, "English Name": "Cake Chocolate", "Size": "1.5 kg", "Size Label": "ea"}, {"Category": "Cakes & Desserts", "Aisle": "Bakery", "Sku": "21392537_EA", "Regular Price": "None", "Sale Price": "10.50", "Image": "https://assets.shop.loblaws.ca/products/21392537/b1/en/front/21392537_front_a01_@2.png", "Brand": "Farmer's Market", "Url": "https://www.maxi.ca/black-forest-cake/p/21392537_EA", "Sub Category": null, "English Name": "Black Forest Cake", "Size": "750 g", "Size Label": "ea"}, {"Category": "Cakes & Desserts", "Aisle": "Bakery", "Sku": "20839355_EA", "Regular Price": "None", "Sale Price": "8.50", "Image": "https://assets.shop.loblaws.ca/products/20839355/b1/en/front/20839355_front_a01_@2.png", "Brand": "Boulangerie St-Donat", "Url": "https://www.maxi.ca/creamy-fudge-35-cream-pie/p/20839355_EA", "Sub Category": null, "English Name": "Creamy Fudge 35% Cream Pie", "Size": "590 g", "Size Label": "ea"}, {"Category": "Cakes & Desserts", "Aisle": "Bakery", "Sku": "21314868_EA", "Regular Price": "None", "Sale Price": "6.00", "Image": "https://assets.shop.loblaws.ca/products/21314868/b1/en/front/21314868_front_a01_@2.png", "Brand": "Farmer's Market", "Url": "https://www.maxi.ca/cinnamon-coffee-cake/p/21314868_EA", "Sub Category": null, "English Name": "Cinnamon Coffee Cake", "Size": "500 g", "Size Label": "ea"}, {"Category": "Cakes & Desserts", "Aisle": "Bakery", "Sku": "21019079_EA", "Regular Price": "None", "Sale Price": "6.00", "Image": "https://assets.shop.loblaws.ca/products/21019079/b1/en/front/21019079_front_a01_@2.png", "Brand": null, "Url": "https://www.maxi.ca/sugar-cream-pie/p/21019079_EA", "Sub Category": null, "English Name": "Sugar Cream Pie", "Size": "600 g", "Size Label": "ea"}, {"Category": "Cakes & Desserts", "Aisle": "Bakery", "Sku": "21106289_EA", "Regular Price": "None", "Sale Price": "5.49", "Image": "https://assets.shop.loblaws.ca/products/21106289/b1/en/front/21106289_front_a01_@2.png", "Brand": "La Maison", "Url": "https://www.maxi.ca/maple-syrup-waffles/p/21106289_EA", "Sub Category": null, "English Name": "Maple Syrup Waffles", "Size": "400 g", "Size Label": "ea"}, {"Category": "Cakes & Desserts", "Aisle": "Bakery", "Sku": "21108324_EA", "Regular Price": "None", "Sale Price": "8.50", "Image": "https://assets.shop.loblaws.ca/products/21108324/b1/en/front/21108324_front_a01_@2.png", "Brand": "St. Donat", "Url": "https://www.maxi.ca/croustade-apple-crumble/p/21108324_EA", "Sub Category": null, "English Name": "Croustade Apple Crumble", "Size": "620 g", "Size Label": "ea"}, {"Category": "Cakes & Desserts", "Aisle": "Bakery", "Sku": "21392544_EA", "Regular Price": "None", "Sale Price": "10.50", "Image": "https://assets.shop.loblaws.ca/products/21392544/b1/en/front/21392544_front_a01_@2.png", "Brand": "Farmer's Market", "Url": "https://www.maxi.ca/chocolate-cake/p/21392544_EA", "Sub Category": null, "English Name": "Chocolate Cake", "Size": "850 g", "Size Label": "ea"}, {"Category": "Cakes & Desserts", "Aisle": "Bakery", "Sku": "21490963_EA", "Regular Price": "3.49", "Sale Price": "2.99", "Image": "https://assets.shop.loblaws.ca/products/21490963/b1/en/front/21490963_front_a01_@2.png", "Brand": "Vachon", "Url": "https://www.maxi.ca/passion-caramel-caramel-flaky-pastries/p/21490963_EA", "Sub Category": null, "English Name": "Passion Caramel!\u2122 Caramel Flaky Pastries", "Size": "288 g", "Size Label": "ea"}, {"Category": "Cakes & Desserts", "Aisle": "Bakery", "Sku": "21313176_EA", "Regular Price": "None", "Sale Price": "6.00", "Image": "https://assets.shop.loblaws.ca/products/21313176/b1/en/front/21313176_front_a01_@2.png", "Brand": "Farmer's Market", "Url": "https://www.maxi.ca/coffee-cake-lemon-curd/p/21313176_EA", "Sub Category": null, "English Name": "Coffee Cake, Lemon Curd", "Size": "500 g", "Size Label": "ea"}, {"Category": "Cakes & Desserts", "Aisle": "Bakery", "Sku": "21193721_EA", "Regular Price": "None", "Sale Price": "18.00", "Image": "https://assets.shop.loblaws.ca/products/21193721/b1/en/front/21193721_front_a01_@2.png", "Brand": "Farmer's Market", "Url": "https://www.maxi.ca/cake-vanilla/p/21193721_EA", "Sub Category": null, "English Name": "Cake Vanilla", "Size": "1.5 kg", "Size Label": "ea"}, {"Category": "Cakes & Desserts", "Aisle": "Bakery", "Sku": "21339521_EA", "Regular Price": "None", "Sale Price": "4.50", "Image": "https://assets.loblaws.ca/pcx_bronx_fe_assets/images/common/coming-soon-en-web.png", "Brand": "Old Mill", "Url": "https://www.maxi.ca/cherry-pie-8-inch/p/21339521_EA", "Sub Category": null, "English Name": "Cherry Pie 8 Inch", "Size": "550 g", "Size Label": "ea"}, {"Category": "Cakes & Desserts", "Aisle": "Bakery", "Sku": "21472349_EA", "Regular Price": "None", "Sale Price": "5.50", "Image": "https://assets.shop.loblaws.ca/products/21472349/b1/en/front/21472349_front_a01_@2.png", "Brand": "Baxters", "Url": "https://www.maxi.ca/swiss-rolls-pumpkin-spice/p/21472349_EA", "Sub Category": null, "English Name": "Swiss Rolls Pumpkin Spice", "Size": "402 g", "Size Label": "ea"}, {"Category": "Cakes & Desserts", "Aisle": "Bakery", "Sku": "21106311_EA", "Regular Price": "None", "Sale Price": "5.49", "Image": "https://assets.shop.loblaws.ca/products/21106311/b1/en/front/21106311_front_a01_@2.png", "Brand": "La Maison", "Url": "https://www.maxi.ca/liege-waffles/p/21106311_EA", "Sub Category": null, "English Name": "Liege Waffles", "Size": "400 g", "Size Label": "ea"}, {"Category": "Cakes & Desserts", "Aisle": "Bakery", "Sku": "20974175_EA", "Regular Price": "None", "Sale Price": "7.50", "Image": "https://assets.shop.loblaws.ca/products/20974175/b1/en/front/20974175_front_a01_@2.png", "Brand": "Old Mill", "Url": "https://www.maxi.ca/marble-loaf-cakes-club-pack/p/20974175_EA", "Sub Category": null, "English Name": "Marble Loaf Cakes, Club Pack", "Size": "1170 g", "Size Label": "ea"}, {"Category": "Cakes & Desserts", "Aisle": "Bakery", "Sku": "20051683_EA", "Regular Price": "None", "Sale Price": "4.49", "Image": "https://assets.shop.loblaws.ca/products/20051683/b1/en/front/20051683_front_a01_@2.png", "Brand": null, "Url": "https://www.maxi.ca/molasses/p/20051683_EA", "Sub Category": null, "English Name": "Molasses", "Size": "420 g", "Size Label": "ea"}, {"Category": "Cakes & Desserts", "Aisle": "Bakery", "Sku": "21500763_EA", "Regular Price": "None", "Sale Price": "12.00", "Image": "https://assets.shop.loblaws.ca/products/21500763/b1/en/front/21500763_front_a01_@2.png", "Brand": "Farmer's Market", "Url": "https://www.maxi.ca/strawberry-shortcake/p/21500763_EA", "Sub Category": null, "English Name": "Strawberry Shortcake", "Size": "755 g", "Size Label": "ea"}, {"Category": "Cakes & Desserts", "Aisle": "Bakery", "Sku": "21473647_EA", "Regular Price": "None", "Sale Price": "6.00", "Image": "https://assets.shop.loblaws.ca/products/21473647/b1/en/front/21473647_front_a01_@2.png", "Brand": null, "Url": "https://www.maxi.ca/carr-aux-dattes/p/21473647_EA", "Sub Category": null, "English Name": "Carr\u00e9 Aux Dattes", "Size": "400 g", "Size Label": "ea"}, {"Category": "Cakes & Desserts", "Aisle": "Bakery", "Sku": "21000008_EA", "Regular Price": "None", "Sale Price": "6.00", "Image": "https://assets.shop.loblaws.ca/products/21000008/b1/en/front/21000008_front_a01_@2.png", "Brand": "Charlottes", "Url": "https://www.maxi.ca/red-velvet-cake-with-cream-cheese-frosting/p/21000008_EA", "Sub Category": null, "English Name": "Red Velvet Cake with Cream Cheese Frosting", "Size": "475 g", "Size Label": "ea"}, {"Category": "Cakes & Desserts", "Aisle": "Bakery", "Sku": "21381555_EA", "Regular Price": "None", "Sale Price": "6.00", "Image": "https://assets.shop.loblaws.ca/products/21381555/b1/en/front/21381555_front_a01_@2.png", "Brand": "Charlottes", "Url": "https://www.maxi.ca/cake-vanilla-celebration/p/21381555_EA", "Sub Category": null, "English Name": "Cake Vanilla Celebration", "Size": "475 g", "Size Label": "ea"}, {"Category": "Cakes & Desserts", "Aisle": "Bakery", "Sku": "21003336_EA", "Regular Price": "None", "Sale Price": "6.00", "Image": "https://assets.shop.loblaws.ca/products/21003336/b1/en/front/21003336_front_a01_@2.png", "Brand": "Charlottes", "Url": "https://www.maxi.ca/cookies-cream-cake-6/p/21003336_EA", "Sub Category": null, "English Name": "Cookies & Cream Cake 6\"", "Size": "400 g", "Size Label": "ea"}, {"Category": "Cakes & Desserts", "Aisle": "Bakery", "Sku": "21313174_EA", "Regular Price": "None", "Sale Price": "6.00", "Image": "https://assets.shop.loblaws.ca/products/21313174/b1/en/front/21313174_front_a01_@2.png", "Brand": "Farmer's Market", "Url": "https://www.maxi.ca/chocolate-ganache-coffee-cake/p/21313174_EA", "Sub Category": null, "English Name": "Chocolate Ganache Coffee Cake", "Size": "500 g", "Size Label": "ea"}, {"Category": "Cakes & Desserts", "Aisle": "Bakery", "Sku": "20717886_EA", "Regular Price": "None", "Sale Price": "7.00", "Image": "https://assets.shop.loblaws.ca/products/20717886/b1/en/front/20717886_front_a01_@2.png", "Brand": "Farmer's Market", "Url": "https://www.maxi.ca/oatmeal-cookies/p/20717886_EA", "Sub Category": null, "English Name": "Oatmeal Cookies", "Size": "798 g", "Size Label": "ea"}, {"Category": "Cakes & Desserts", "Aisle": "Bakery", "Sku": "21193745_EA", "Regular Price": "None", "Sale Price": "18.00", "Image": "https://assets.shop.loblaws.ca/products/21193745/b1/en/front/21193745_front_a01_@2.png", "Brand": "Farmer's Market", "Url": "https://www.maxi.ca/cake-black-forest/p/21193745_EA", "Sub Category": null, "English Name": "Cake Black Forest", "Size": "1.2 kg", "Size Label": "ea"}, {"Category": "Cakes & Desserts", "Aisle": "Bakery", "Sku": "21397652_EA", "Regular Price": "None", "Sale Price": "5.00", "Image": "https://assets.shop.loblaws.ca/products/21397652/b1/en/front/21397652_front_a01_@2.png", "Brand": "Charlottes", "Url": "https://www.maxi.ca/cake-chocolate-fudge/p/21397652_EA", "Sub Category": null, "English Name": "Cake Chocolate Fudge ", "Size": "475 g", "Size Label": "ea"}, {"Category": "Cakes & Desserts", "Aisle": "Bakery", "Sku": "21045706_EA", "Regular Price": "None", "Sale Price": "5.50", "Image": "https://assets.shop.loblaws.ca/products/21045706/b1/en/front/21045706_front_a01_@2.png", "Brand": "Charlottes", "Url": "https://www.maxi.ca/pumpkin-squares/p/21045706_EA", "Sub Category": null, "English Name": "Pumpkin Squares", "Size": "400 g", "Size Label": "ea"}, {"Category": "Cakes & Desserts", "Aisle": "Bakery", "Sku": "20016051_EA", "Regular Price": "None", "Sale Price": "8.50", "Image": "https://assets.shop.loblaws.ca/products/20016051/b1/en/front/20016051_front_a01_@2.png", "Brand": "St. Donat", "Url": "https://www.maxi.ca/raspberry-pie/p/20016051_EA", "Sub Category": null, "English Name": "Raspberry Pie", "Size": "570 g", "Size Label": "ea"}, {"Category": "Cakes & Desserts", "Aisle": "Bakery", "Sku": "21107505_EA", "Regular Price": "None", "Sale Price": "8.50", "Image": "https://assets.shop.loblaws.ca/products/21107505/b1/en/front/21107505_front_a01_@2.png", "Brand": "Boulangerie St-Donat", "Url": "https://www.maxi.ca/pie-rhubarb-and-strawberry/p/21107505_EA", "Sub Category": null, "English Name": "Pie Rhubarb and Strawberry", "Size": "650 g", "Size Label": "ea"}, {"Category": "Cakes & Desserts", "Aisle": "Bakery", "Sku": "20048094_EA", "Regular Price": "None", "Sale Price": "4.49", "Image": "https://assets.shop.loblaws.ca/products/20048094/b1/en/front/20048094_front_a01_@2.png", "Brand": null, "Url": "https://www.maxi.ca/cookies-white/p/20048094_EA", "Sub Category": null, "English Name": "Cookies, White", "Size": "340 g", "Size Label": "ea"}, {"Category": "Cakes & Desserts", "Aisle": "Bakery", "Sku": "21355689_EA", "Regular Price": "None", "Sale Price": "8.00", "Image": "https://assets.shop.loblaws.ca/products/21355689/b1/en/front/21355689_front_a01_@2.png", "Brand": "No Name", "Url": "https://www.maxi.ca/pie-dough-club-size/p/21355689_EA", "Sub Category": null, "English Name": "Pie Dough Club Size", "Size": "2 kg", "Size Label": "ea"}, {"Category": "Cakes & Desserts", "Aisle": "Bakery", "Sku": "21313578_EA", "Regular Price": "None", "Sale Price": "7.79", "Image": "https://assets.shop.loblaws.ca/products/21313578/b1/en/front/21313578_front_a01_@2.png", "Brand": "LA PETITE BRETONNE", "Url": "https://www.maxi.ca/cookies-molasses/p/21313578_EA", "Sub Category": null, "English Name": "Cookies Molasses", "Size": "750 g", "Size Label": "ea"}, {"Category": "Cakes & Desserts", "Aisle": "Bakery", "Sku": "20970813_EA", "Regular Price": "None", "Sale Price": "6.00", "Image": "https://assets.shop.loblaws.ca/products/20970813/b1/en/front/20970813_front_a01_@2.png", "Brand": "Charlottes", "Url": "https://www.maxi.ca/chocolate-fudge-cake-6/p/20970813_EA", "Sub Category": null, "English Name": "Chocolate Fudge Cake 6\"", "Size": "475 g", "Size Label": "ea"}, {"Category": "Cakes & Desserts", "Aisle": "Bakery", "Sku": "20077240_EA", "Regular Price": "None", "Sale Price": "4.79", "Image": "https://assets.shop.loblaws.ca/products/20077240/b1/en/front/20077240_front_a01_@2.png", "Brand": "Sara Lee", "Url": "https://www.maxi.ca/authentic-oatmeal-cookie/p/20077240_EA", "Sub Category": null, "English Name": "Authentic Oatmeal Cookie", "Size": "300 g", "Size Label": "ea"}, {"Category": "Cakes & Desserts", "Aisle": "Bakery", "Sku": "20970811_EA", "Regular Price": "None", "Sale Price": "6.00", "Image": "https://assets.shop.loblaws.ca/products/20970811/b1/en/front/20970811_front_a01_@2.png", "Brand": "Charlottes", "Url": "https://www.maxi.ca/black-forest-cake-6/p/20970811_EA", "Sub Category": null, "English Name": "Black Forest Cake 6\"", "Size": "400 g", "Size Label": "ea"}, {"Category": "Cakes & Desserts", "Aisle": "Bakery", "Sku": "21002214_EA", "Regular Price": "None", "Sale Price": "6.00", "Image": "https://assets.shop.loblaws.ca/products/21002214/b1/en/front/21002214_front_a01_@2.png", "Brand": "Charlottes", "Url": "https://www.maxi.ca/carrot-cake-6/p/21002214_EA", "Sub Category": null, "English Name": "Carrot Cake 6\"", "Size": "475 g", "Size Label": "ea"}, {"Category": "Cakes & Desserts", "Aisle": "Bakery", "Sku": "20353611_EA", "Regular Price": "None", "Sale Price": "5.00", "Image": "https://assets.shop.loblaws.ca/products/20353611/b1/en/front/20353611_front_a01_@2.png", "Brand": null, "Url": "https://www.maxi.ca/maple-syrup-pouding-chomeur/p/20353611_EA", "Sub Category": null, "English Name": "Maple Syrup Pouding Chomeur   ", "Size": "500 g", "Size Label": "ea"}, {"Category": "Cakes & Desserts", "Aisle": "Bakery", "Sku": "21493634_EA", "Regular Price": "None", "Sale Price": "6.00", "Image": "https://assets.shop.loblaws.ca/products/21493634/b1/en/front/21493634_front_a01_@2.png", "Brand": "Grandmother's Bake Shoppe", "Url": "https://www.maxi.ca/butter-tarts-raisin/p/21493634_EA", "Sub Category": null, "English Name": "Butter Tarts Raisin", "Size": "765 g", "Size Label": "ea"}, {"Category": "Cakes & Desserts", "Aisle": "Bakery", "Sku": "21475193_EA", "Regular Price": "None", "Sale Price": "6.00", "Image": "https://assets.shop.loblaws.ca/products/21475193/b1/en/front/21475193_front_a01_@2.png", "Brand": null, "Url": "https://www.maxi.ca/pouding-chomeur/p/21475193_EA", "Sub Category": null, "English Name": "Pouding Chomeur", "Size": "400 g", "Size Label": "ea"}, {"Category": "Cakes & Desserts", "Aisle": "Bakery", "Sku": "21339520_EA", "Regular Price": "None", "Sale Price": "4.50", "Image": "https://assets.loblaws.ca/pcx_bronx_fe_assets/images/common/coming-soon-en-web.png", "Brand": "Old Mill", "Url": "https://www.maxi.ca/blueberry-pie-8-inch/p/21339520_EA", "Sub Category": null, "English Name": "Blueberry Pie 8 Inch", "Size": "550 g", "Size Label": "ea"}, {"Category": "Cakes & Desserts", "Aisle": "Bakery", "Sku": "21339519_EA", "Regular Price": "None", "Sale Price": "4.50", "Image": "https://assets.loblaws.ca/pcx_bronx_fe_assets/images/common/coming-soon-en-web.png", "Brand": "Old Mill", "Url": "https://www.maxi.ca/apple-pie/p/21339519_EA", "Sub Category": null, "English Name": "Apple Pie", "Size": "550 g", "Size Label": "ea"}, {"Category": "Cakes & Desserts", "Aisle": "Bakery", "Sku": "21355690_EA", "Regular Price": "None", "Sale Price": "4.50", "Image": "https://assets.shop.loblaws.ca/products/21355690/b1/en/front/21355690_front_a01_@2.png", "Brand": "No Name", "Url": "https://www.maxi.ca/pie-dough/p/21355690_EA", "Sub Category": null, "English Name": "Pie Dough", "Size": "1 kg", "Size Label": "ea"}, {"Category": "Cakes & Desserts", "Aisle": "Bakery", "Sku": "21313115_EA", "Regular Price": "None", "Sale Price": "5.00", "Image": "https://assets.shop.loblaws.ca/products/21313115/b1/en/front/21313115_front_a01_@2.png", "Brand": "Farmer's Market", "Url": "https://www.maxi.ca/angel-food-cake/p/21313115_EA", "Sub Category": null, "English Name": "Angel Food Cake", "Size": "283 g", "Size Label": "ea"}, {"Category": "Cakes & Desserts", "Aisle": "Bakery", "Sku": "21297359_EA", "Regular Price": "None", "Sale Price": "7.50", "Image": "https://assets.shop.loblaws.ca/products/21297359/b1/en/front/21297359_front_a01_@2.png", "Brand": "Farmer's Market", "Url": "https://www.maxi.ca/pecan-pie-9-inch/p/21297359_EA", "Sub Category": null, "English Name": "Pecan Pie 9 Inch", "Size": "580 g", "Size Label": "ea"}, {"Category": "Cakes & Desserts", "Aisle": "Bakery", "Sku": "21313581_EA", "Regular Price": "None", "Sale Price": "7.79", "Image": "https://assets.shop.loblaws.ca/products/21313581/b1/en/front/21313581_front_a01_@2.png", "Brand": "LA PETITE BRETONNE", "Url": "https://www.maxi.ca/oatmeal-choco-cookies/p/21313581_EA", "Sub Category": null, "English Name": "Oatmeal Choco Cookies", "Size": "750 g", "Size Label": "ea"}, {"Category": "Cakes & Desserts", "Aisle": "Bakery", "Sku": "21194079_EA", "Regular Price": "None", "Sale Price": "4.00", "Image": "https://assets.shop.loblaws.ca/products/21194079/b1/en/front/21194079_front_a01_@2.png", "Brand": "Kimberley's Bakeshoppe", "Url": "https://www.maxi.ca/frosted-harvest-orange-yellow/p/21194079_EA", "Sub Category": null, "English Name": "Frosted Harvest Orange & Yellow", "Size": "383 g", "Size Label": "ea"}, {"Category": "Cakes & Desserts", "Aisle": "Bakery", "Sku": "21498296_EA", "Regular Price": "None", "Sale Price": "12.00", "Image": "https://assets.shop.loblaws.ca/products/21498296/b1/en/front/21498296_front_a01_@2.png", "Brand": "Farmer's Market", "Url": "https://www.maxi.ca/double-chocolate-cake/p/21498296_EA", "Sub Category": null, "English Name": "Double Chocolate Cake", "Size": "770 g", "Size Label": "ea"}, {"Category": "Cakes & Desserts", "Aisle": "Bakery", "Sku": "21464974_EA", "Regular Price": "None", "Sale Price": "20.99", "Image": "https://assets.shop.loblaws.ca/products/21464974/b1/en/front/21464974_front_a01_@2.png", "Brand": null, "Url": "https://www.maxi.ca/triple-layer-premium-cake/p/21464974_EA", "Sub Category": null, "English Name": "Triple Layer Premium Cake", "Size": "950 g", "Size Label": "ea"}, {"Category": "Cakes & Desserts", "Aisle": "Bakery", "Sku": "21500693_EA", "Regular Price": "None", "Sale Price": "12.00", "Image": "https://assets.shop.loblaws.ca/products/21500693/b1/en/front/21500693_front_a01_@2.png", "Brand": "Farmer's Market", "Url": "https://www.maxi.ca/tiramisu-cake/p/21500693_EA", "Sub Category": null, "English Name": "Tiramisu Cake", "Size": "675 g", "Size Label": "ea"}, {"Category": "Cakes & Desserts", "Aisle": "Bakery", "Sku": "21353343_EA", "Regular Price": "None", "Sale Price": "6.50", "Image": "https://assets.shop.loblaws.ca/products/21353343/b1/en/front/21353343_front_a01_@2.png", "Brand": null, "Url": "https://www.maxi.ca/8-lemon-meringue-pie/p/21353343_EA", "Sub Category": null, "English Name": "8\" Lemon Meringue Pie", "Size": "635 g", "Size Label": "ea"}, {"Category": "Cakes & Desserts", "Aisle": "Bakery", "Sku": "20122182_EA", "Regular Price": "None", "Sale Price": "8.50", "Image": "https://assets.shop.loblaws.ca/products/20122182/b1/en/front/20122182_front_a01_@2.png", "Brand": "St. Donat", "Url": "https://www.maxi.ca/creamy-fudge-swirls-pie/p/20122182_EA", "Sub Category": null, "English Name": "Creamy Fudge Swirls Pie", "Size": "590 g", "Size Label": "ea"}, {"Category": "Cakes & Desserts", "Aisle": "Bakery", "Sku": "21392529_EA", "Regular Price": "None", "Sale Price": "10.50", "Image": "https://assets.shop.loblaws.ca/products/21392529/b1/en/front/21392529_front_a01_@2.png", "Brand": "Farmer's Market", "Url": "https://www.maxi.ca/vanilla-cake/p/21392529_EA", "Sub Category": null, "English Name": "Vanilla Cake", "Size": "850 g", "Size Label": "ea"}, {"Category": "Cakes & Desserts", "Aisle": "Bakery", "Sku": "20776331_EA", "Regular Price": "3.49", "Sale Price": "2.99", "Image": "https://assets.shop.loblaws.ca/products/20776331/b1/en/front/20776331_front_a01_@2.png", "Brand": "Vachon", "Url": "https://www.maxi.ca/jelly-log-rolled-sponge-cakes/p/20776331_EA", "Sub Category": null, "English Name": "Jelly Log Rolled Sponge Cakes", "Size": "288 g", "Size Label": "ea"}, {"Category": "Cakes & Desserts", "Aisle": "Bakery", "Sku": "21193683_EA", "Regular Price": "None", "Sale Price": "18.00", "Image": "https://assets.shop.loblaws.ca/products/21193683/b1/en/front/21193683_front_a01_@2.png", "Brand": "Farmer's Market", "Url": "https://www.maxi.ca/cake-cookies-and-cr-me/p/21193683_EA", "Sub Category": null, "English Name": "Cake Cookies And Cr\u00e8me", "Size": "1.2 kg", "Size Label": "ea"}, {"Category": "Cakes & Desserts", "Aisle": "Bakery", "Sku": "21529213_EA", "Regular Price": "None", "Sale Price": "6.00", "Image": "https://assets.shop.loblaws.ca/products/21529213/b1/en/front/21529213_front_a01_@2.png", "Brand": null, "Url": "https://www.maxi.ca/g-teau-a-l-rable/p/21529213_EA", "Sub Category": null, "English Name": "G\u00e2teau A L'\u00e9rable", "Size": "350 g", "Size Label": "ea"}, {"Category": "Cakes & Desserts", "Aisle": "Bakery", "Sku": "21242905_EA", "Regular Price": "None", "Sale Price": "18.00", "Image": "https://assets.shop.loblaws.ca/products/21242905/b1/en/front/21242905_front_a01_@2.png", "Brand": "Farmer's Market", "Url": "https://www.maxi.ca/cake-carrot/p/21242905_EA", "Sub Category": null, "English Name": "Cake Carrot", "Size": "1.4 kg", "Size Label": "ea"}, {"Category": "Cakes & Desserts", "Aisle": "Bakery", "Sku": "21392554_EA", "Regular Price": "None", "Sale Price": "10.50", "Image": "https://assets.shop.loblaws.ca/products/21392554/b1/en/front/21392554_front_a01_@2.png", "Brand": "Farmer's Market", "Url": "https://www.maxi.ca/cookies-and-creme-cake/p/21392554_EA", "Sub Category": null, "English Name": "Cookies and Creme Cake", "Size": "825 g", "Size Label": "ea"}, {"Category": "Cakes & Desserts", "Aisle": "Bakery", "Sku": "21392550_EA", "Regular Price": "None", "Sale Price": "10.50", "Image": "https://assets.shop.loblaws.ca/products/21392550/b1/en/front/21392550_front_a01_@2.png", "Brand": "Farmer's Market", "Url": "https://www.maxi.ca/carrot-cake/p/21392550_EA", "Sub Category": null, "English Name": "Carrot Cake", "Size": "875 g", "Size Label": "ea"}, {"Category": "Cakes & Desserts", "Aisle": "Bakery", "Sku": "20048224_EA", "Regular Price": "None", "Sale Price": "8.50", "Image": "https://assets.shop.loblaws.ca/products/20048224/b1/en/front/20048224_front_a01_@2.png", "Brand": "St. Donat", "Url": "https://www.maxi.ca/apple-creamy-fudge-pie/p/20048224_EA", "Sub Category": null, "English Name": "Apple & Creamy Fudge Pie", "Size": "570 g", "Size Label": "ea"}, {"Category": "Cakes & Desserts", "Aisle": "Bakery", "Sku": "20009554_EA", "Regular Price": "None", "Sale Price": "8.50", "Image": "https://assets.shop.loblaws.ca/products/20009554/b1/en/front/20009554_front_a01_@2.png", "Brand": "St. Donat", "Url": "https://www.maxi.ca/raspberry-creamy-fudge-pie/p/20009554_EA", "Sub Category": null, "English Name": "Raspberry & Creamy Fudge Pie", "Size": "570 g", "Size Label": "ea"}, {"Category": "Cakes & Desserts", "Aisle": "Bakery", "Sku": "21108325_EA", "Regular Price": "None", "Sale Price": "8.50", "Image": "https://assets.shop.loblaws.ca/products/21108325/b1/en/front/21108325_front_a01_@2.png", "Brand": "St. Donat", "Url": "https://www.maxi.ca/old-fashioned-sugar/p/21108325_EA", "Sub Category": null, "English Name": "Old Fashioned Sugar ", "Size": "590 g", "Size Label": "ea"}, {"Category": "Cakes & Desserts", "Aisle": "Bakery", "Sku": "21432204_EA", "Regular Price": "None", "Sale Price": "8.00", "Image": "https://assets.shop.loblaws.ca/products/21432204/b1/en/front/21432204_front_a01_@2.png", "Brand": "St. Donat", "Url": "https://www.maxi.ca/date-squares/p/21432204_EA", "Sub Category": null, "English Name": "Date Squares", "Size": "500 g", "Size Label": "ea"}, {"Category": "Cakes & Desserts", "Aisle": "Bakery", "Sku": "20094976_EA", "Regular Price": "None", "Sale Price": "8.50", "Image": "https://assets.shop.loblaws.ca/products/20094976/b1/en/front/20094976_front_a01_@2.png", "Brand": "St. Donat", "Url": "https://www.maxi.ca/apple-pie/p/20094976_EA", "Sub Category": null, "English Name": "Apple Pie", "Size": "620 g", "Size Label": "ea"}, {"Category": "Cakes & Desserts", "Aisle": "Bakery", "Sku": "20047091_EA", "Regular Price": "3.49", "Sale Price": "2.99", "Image": "https://assets.shop.loblaws.ca/products/20047091/b1/en/front/20047091_front_a01_@2.png", "Brand": "Vachon", "Url": "https://www.maxi.ca/may-west-the-original-cakes/p/20047091_EA", "Sub Category": null, "English Name": "May West The Original Cakes", "Size": "324 g", "Size Label": "ea"}, {"Category": "Cakes & Desserts", "Aisle": "Bakery", "Sku": "20156639_EA", "Regular Price": "3.49", "Sale Price": "2.99", "Image": "https://assets.shop.loblaws.ca/products/20156639/b1/en/front/20156639_front_a01_@2.png", "Brand": "Vachon", "Url": "https://www.maxi.ca/mille-feuilles-the-original/p/20156639_EA", "Sub Category": null, "English Name": "Mille Feuilles The Original", "Size": "48.5 g", "Size Label": "ea"}, {"Category": "Breakfast", "Aisle": "Bakery", "Sku": "20975943_EA", "Regular Price": "None", "Sale Price": "5.00", "Image": "https://assets.shop.loblaws.ca/products/20975943/b1/en/front/20975943_front_a01_@2.png", "Brand": "Farmer's Market", "Url": "https://www.maxi.ca/butter-croissant/p/20975943_EA", "Sub Category": null, "English Name": "Butter Croissant", "Size": "270 g", "Size Label": "ea"}, {"Category": "Breakfast", "Aisle": "Bakery", "Sku": "21283357_EA", "Regular Price": "None", "Sale Price": "6.00", "Image": "https://assets.shop.loblaws.ca/products/21283357/b1/en/front/21283357_front_a01_@2.png", "Brand": "Farmer's Market", "Url": "https://www.maxi.ca/banana-chocolate-chunk-muffins/p/21283357_EA", "Sub Category": null, "English Name": "Banana Chocolate Chunk Muffins", "Size": "600 g", "Size Label": "ea"}, {"Category": "Breakfast", "Aisle": "Bakery", "Sku": "21283358_EA", "Regular Price": "None", "Sale Price": "6.00", "Image": "https://assets.shop.loblaws.ca/products/21283358/b1/en/front/21283358_front_a01_@2.png", "Brand": "Farmer's Market", "Url": "https://www.maxi.ca/chocolate-chip-muffins/p/21283358_EA", "Sub Category": null, "English Name": "Chocolate Chip Muffins", "Size": "600 g", "Size Label": "ea"}, {"Category": "Breakfast", "Aisle": "Bakery", "Sku": "21283356_EA", "Regular Price": "None", "Sale Price": "6.00", "Image": "https://assets.shop.loblaws.ca/products/21283356/b1/en/front/21283356_front_a01_@2.png", "Brand": "Farmer's Market", "Url": "https://www.maxi.ca/blueberry-muffins/p/21283356_EA", "Sub Category": null, "English Name": "Blueberry Muffins", "Size": "570 g", "Size Label": "ea"}, {"Category": "Breakfast", "Aisle": "Bakery", "Sku": "21217967_EA", "Regular Price": "2.49", "Sale Price": "2.29", "Image": "https://assets.shop.loblaws.ca/products/21217967/b1/en/front/21217967_front_a01_@2.png", "Brand": "No Name", "Url": "https://www.maxi.ca/bagel-everything/p/21217967_EA", "Sub Category": null, "English Name": "Bagel Everything", "Size": "480 g", "Size Label": "ea"}, {"Category": "Breakfast", "Aisle": "Bakery", "Sku": "21217970_EA", "Regular Price": "2.49", "Sale Price": "2.29", "Image": "https://assets.shop.loblaws.ca/products/21217970/b1/en/front/21217970_front_a01_@2.png", "Brand": "No Name", "Url": "https://www.maxi.ca/bagel-plain-6-pack/p/21217970_EA", "Sub Category": null, "English Name": "Bagel Plain 6 Pack", "Size": "510 g", "Size Label": "ea"}, {"Category": "Breakfast", "Aisle": "Bakery", "Sku": "21283360_EA", "Regular Price": "None", "Sale Price": "6.00", "Image": "https://assets.shop.loblaws.ca/products/21283360/b1/en/front/21283360_front_a01_@2.png", "Brand": "Farmer's Market", "Url": "https://www.maxi.ca/carrot-muffins/p/21283360_EA", "Sub Category": null, "English Name": "Carrot Muffins", "Size": "600 g", "Size Label": "ea"}, {"Category": "Breakfast", "Aisle": "Bakery", "Sku": "21488853_EA", "Regular Price": "4.50", "Sale Price": "4.00", "Image": "https://assets.shop.loblaws.ca/products/21488853/b1/en/front/21488853_front_a01_@2.png", "Brand": "President's Choice", "Url": "https://www.maxi.ca/banana-chocolate-chip-mini-muffins/p/21488853_EA", "Sub Category": null, "English Name": "Banana Chocolate Chip Mini Muffins", "Size": "336 g", "Size Label": "ea"}, {"Category": "Breakfast", "Aisle": "Bakery", "Sku": "21032805_EA", "Regular Price": "None", "Sale Price": "5.00", "Image": "https://assets.shop.loblaws.ca/products/21032805/b1/en/front/21032805_front_a01_@2.png", "Brand": "Farmer's Market", "Url": "https://www.maxi.ca/butter-croissants-mini/p/21032805_EA", "Sub Category": null, "English Name": "Butter Croissants Mini", "Size": "336 g", "Size Label": "ea"}, {"Category": "Breakfast", "Aisle": "Bakery", "Sku": "21283359_EA", "Regular Price": "None", "Sale Price": "6.00", "Image": "https://assets.shop.loblaws.ca/products/21283359/b1/en/front/21283359_front_a01_@2.png", "Brand": "Farmer's Market", "Url": "https://www.maxi.ca/raisin-bran-muffins/p/21283359_EA", "Sub Category": null, "English Name": "Raisin Bran Muffins", "Size": "600 g", "Size Label": "ea"}, {"Category": "Breakfast", "Aisle": "Bakery", "Sku": "21216413_EA", "Regular Price": "None", "Sale Price": "2.29", "Image": "https://assets.shop.loblaws.ca/products/21216413/b1/en/front/21216413_front_a01_@2.png", "Brand": "No Name", "Url": "https://www.maxi.ca/original-english-muffins/p/21216413_EA", "Sub Category": null, "English Name": "Original English Muffins", "Size": "342 g", "Size Label": "ea"}, {"Category": "Breakfast", "Aisle": "Bakery", "Sku": "21283361_EA", "Regular Price": "None", "Sale Price": "6.00", "Image": "https://assets.shop.loblaws.ca/products/21283361/b1/en/front/21283361_front_a01_@2.png", "Brand": "Farmer's Market", "Url": "https://www.maxi.ca/muffins-double-chocolate/p/21283361_EA", "Sub Category": null, "English Name": "Muffins Double Chocolate    ", "Size": "570 g", "Size Label": "ea"}, {"Category": "Breakfast", "Aisle": "Bakery", "Sku": "21488821_EA", "Regular Price": "4.50", "Sale Price": "4.00", "Image": "https://assets.shop.loblaws.ca/products/21488821/b1/en/front/21488821_front_a01_@2.png", "Brand": "President's Choice", "Url": "https://www.maxi.ca/blueberry-mini-muffins/p/21488821_EA", "Sub Category": null, "English Name": "Blueberry Mini Muffins", "Size": "336 g", "Size Label": "ea"}, {"Category": "Breakfast", "Aisle": "Bakery", "Sku": "21201758_EA", "Regular Price": "None", "Sale Price": "5.00", "Image": "https://assets.loblaws.ca/pcx_bronx_fe_assets/images/common/coming-soon-en-web.png", "Brand": "Farmer's Market", "Url": "https://www.maxi.ca/sandwich-croissant/p/21201758_EA", "Sub Category": null, "English Name": "Sandwich Croissant", "Size": "260 g", "Size Label": "ea"}, {"Category": "Breakfast", "Aisle": "Bakery", "Sku": "20914389_EA", "Regular Price": "None", "Sale Price": "3.99", "Image": "https://assets.shop.loblaws.ca/products/20914389/b1/en/front/20914389_front_a01_@2.png", "Brand": "Country Harvest", "Url": "https://www.maxi.ca/bagels-raisin-cinnamon-with-whole-wheat/p/20914389_EA", "Sub Category": null, "English Name": "Bagels, Raisin Cinnamon with Whole Wheat", "Size": "450 g", "Size Label": "ea"}, {"Category": "Breakfast", "Aisle": "Bakery", "Sku": "20123948_EA", "Regular Price": "None", "Sale Price": "3.99", "Image": "https://assets.shop.loblaws.ca/products/20123948/b1/en/front/20123948_front_a01_@2.png", "Brand": "President's Choice", "Url": "https://www.maxi.ca/crumpets/p/20123948_EA", "Sub Category": null, "English Name": "Crumpets", "Size": "284 g", "Size Label": "ea"}, {"Category": "Breakfast", "Aisle": "Bakery", "Sku": "21217965_EA", "Regular Price": "2.49", "Sale Price": "2.29", "Image": "https://assets.shop.loblaws.ca/products/21217965/b1/en/front/21217965_front_a01_@2.png", "Brand": "No Name", "Url": "https://www.maxi.ca/bagel-cinnamon-raisin-6-pack/p/21217965_EA", "Sub Category": null, "English Name": "Bagel Cinnamon Raisin 6 Pack", "Size": "510 g", "Size Label": "ea"}, {"Category": "Breakfast", "Aisle": "Bakery", "Sku": "21217969_EA", "Regular Price": "2.49", "Sale Price": "2.29", "Image": "https://assets.shop.loblaws.ca/products/21217969/b1/en/front/21217969_front_a01_@2.png", "Brand": "No Name", "Url": "https://www.maxi.ca/bagel-sesame-6-pack/p/21217969_EA", "Sub Category": null, "English Name": "Bagel Sesame 6 Pack", "Size": "510 g", "Size Label": "ea"}, {"Category": "Breakfast", "Aisle": "Bakery", "Sku": "21416726_EA", "Regular Price": "None", "Sale Price": "6.00", "Image": "https://assets.shop.loblaws.ca/products/21416726/b1/en/front/21416726_front_a01_@2.png", "Brand": null, "Url": "https://www.maxi.ca/chocolate-croissants/p/21416726_EA", "Sub Category": null, "English Name": "Chocolate Croissants ", "Size": "423 g", "Size Label": "ea"}, {"Category": "Breakfast", "Aisle": "Bakery", "Sku": "20810796_EA", "Regular Price": "None", "Sale Price": "2.99", "Image": "https://assets.shop.loblaws.ca/products/20810796/b1/en/front/20810796_front_a01_@2.png", "Brand": "President's Choice", "Url": "https://www.maxi.ca/original-english-muffins/p/20810796_EA", "Sub Category": null, "English Name": "Original English Muffins", "Size": "342 g", "Size Label": "ea"}, {"Category": "Breakfast", "Aisle": "Bakery", "Sku": "21549532_EA", "Regular Price": "None", "Sale Price": "6.00", "Image": "https://assets.shop.loblaws.ca/products/21549532/b1/en/front/21549532_front_a01_@2.png", "Brand": null, "Url": "https://www.maxi.ca/mini-apple-raspberry-strudel/p/21549532_EA", "Sub Category": null, "English Name": "Mini Apple & Raspberry Strudel", "Size": "792 g", "Size Label": "ea"}, {"Category": "Breakfast", "Aisle": "Bakery", "Sku": "20124004_EA", "Regular Price": "None", "Sale Price": "4.49", "Image": "https://assets.shop.loblaws.ca/products/20124004/b1/en/front/20124004_front_a01_@2.png", "Brand": "Dumas", "Url": "https://www.maxi.ca/pastry-shells/p/20124004_EA", "Sub Category": null, "English Name": "Pastry Shells", "Size": "160 g", "Size Label": "ea"}, {"Category": "Breakfast", "Aisle": "Bakery", "Sku": "20721023_EA", "Regular Price": "None", "Sale Price": "4.69", "Image": "https://assets.shop.loblaws.ca/products/20721023/b1/en/front/20721023_front_a01_@2.png", "Brand": "LA PETITE BRETONNE", "Url": "https://www.maxi.ca/micro-croissants/p/20721023_EA", "Sub Category": null, "English Name": "Micro Croissants", "Size": "320 g", "Size Label": "ea"}, {"Category": "Breakfast", "Aisle": "Bakery", "Sku": "21018516_EA", "Regular Price": "None", "Sale Price": "4.49", "Image": "https://assets.shop.loblaws.ca/products/21018516/b1/en/front/21018516_front_a01_@2.png", "Brand": "PC Blue Menu", "Url": "https://www.maxi.ca/blue-menu-pc-bm-ww-bagels-336g/p/21018516_EA", "Sub Category": null, "English Name": "Blue Menu PC BM WW BAGELS 336G", "Size": "336 g", "Size Label": "ea"}, {"Category": "Breakfast", "Aisle": "Bakery", "Sku": "20810879_EA", "Regular Price": "None", "Sale Price": "2.99", "Image": "https://assets.shop.loblaws.ca/products/20810879/b1/en/front/20810879_front_a01_@2.png", "Brand": "PC Blue Menu", "Url": "https://www.maxi.ca/multigrain-english-muffins/p/20810879_EA", "Sub Category": null, "English Name": "Multigrain English Muffins", "Size": "342 g", "Size Label": "ea"}, {"Category": "Breakfast", "Aisle": "Bakery", "Sku": "21283349_EA", "Regular Price": "None", "Sale Price": "6.00", "Image": "https://assets.shop.loblaws.ca/products/21283349/b1/en/front/21283349_front_a01_@2.png", "Brand": "Farmer's Market", "Url": "https://www.maxi.ca/apple-cinnamon-muffins/p/21283349_EA", "Sub Category": null, "English Name": "Apple Cinnamon Muffins", "Size": "600 g", "Size Label": "ea"}, {"Category": "Breakfast", "Aisle": "Bakery", "Sku": "20090528_EA", "Regular Price": "None", "Sale Price": "6.99", "Image": "https://assets.shop.loblaws.ca/products/20090528/b1/en/front/20090528_front_a01_@2.png", "Brand": "LA PETITE BRETONNE", "Url": "https://www.maxi.ca/chocolate-bun/p/20090528_EA", "Sub Category": null, "English Name": "Chocolate Bun", "Size": "680 g", "Size Label": "ea"}, {"Category": "Breakfast", "Aisle": "Bakery", "Sku": "21305535_EA", "Regular Price": "None", "Sale Price": "4.99", "Image": "https://assets.shop.loblaws.ca/products/21305535/b1/en/front/21305535_front_a01_@2.png", "Brand": "PC Organics", "Url": "https://www.maxi.ca/organic-everything-bagel/p/21305535_EA", "Sub Category": null, "English Name": "Organic Everything Bagel", "Size": "450 g", "Size Label": "ea"}, {"Category": "Breakfast", "Aisle": "Bakery", "Sku": "21018518_EA", "Regular Price": "None", "Sale Price": "4.49", "Image": "https://assets.shop.loblaws.ca/products/21018518/b1/en/front/21018518_front_a01_@2.png", "Brand": "PC Blue Menu", "Url": "https://www.maxi.ca/everything-bagels-6-bagels/p/21018518_EA", "Sub Category": null, "English Name": "Everything Bagels 6 Bagels", "Size": "336 g", "Size Label": "ea"}, {"Category": "Breakfast", "Aisle": "Bakery", "Sku": "20174610_EA", "Regular Price": "None", "Sale Price": "4.49", "Image": "https://assets.shop.loblaws.ca/products/20174610/b1/en/front/20174610_front_a01_@2.png", "Brand": "LA PETITE BRETONNE", "Url": "https://www.maxi.ca/mini-choco-buns/p/20174610_EA", "Sub Category": null, "English Name": "Mini Choco Buns", "Size": "400 g", "Size Label": "ea"}, {"Category": "Breakfast", "Aisle": "Bakery", "Sku": "21181440_EA", "Regular Price": "4.99", "Sale Price": "2.99", "Image": "https://assets.shop.loblaws.ca/products/21181440/b1/en/front/21181440_front_a01_@2.png", "Brand": "Chef Frankie", "Url": "https://www.maxi.ca/bagel-sesame-seeds/p/21181440_EA", "Sub Category": null, "English Name": "Bagel Sesame Seeds", "Size": "480 g", "Size Label": "ea"}, {"Category": "Breakfast", "Aisle": "Bakery", "Sku": "20320498_EA", "Regular Price": "None", "Sale Price": "3.99", "Image": "https://assets.shop.loblaws.ca/products/20320498/b1/en/front/20320498_front_a01_@2.png", "Brand": "Gadoua", "Url": "https://www.maxi.ca/plain-bagels/p/20320498_EA", "Sub Category": null, "English Name": "Plain Bagels", "Size": "6x90.0 g", "Size Label": "ea"}, {"Category": "Breakfast", "Aisle": "Bakery", "Sku": "20042287_EA", "Regular Price": "None", "Sale Price": "4.49", "Image": "https://assets.shop.loblaws.ca/products/20042287/b1/en/front/20042287_front_a01_@2.png", "Brand": "LA PETITE BRETONNE", "Url": "https://www.maxi.ca/chocolatines-chocolate-buns/p/20042287_EA", "Sub Category": null, "English Name": "Chocolatines Chocolate Buns", "Size": "320 g", "Size Label": "ea"}, {"Category": "Breakfast", "Aisle": "Bakery", "Sku": "21161078_EA", "Regular Price": "5.00", "Sale Price": "3.50", "Image": "https://assets.shop.loblaws.ca/products/21161078/b1/en/front/21161078_front_a01_@2.png", "Brand": "Dumas", "Url": "https://www.maxi.ca/wheat-croissant/p/21161078_EA", "Sub Category": null, "English Name": "Wheat Croissant", "Size": "6x300.0 g", "Size Label": "ea"}, {"Category": "Breakfast", "Aisle": "Bakery", "Sku": "20946944_EA", "Regular Price": "None", "Sale Price": "3.99", "Image": "https://assets.shop.loblaws.ca/products/20946944/b1/en/front/20946944_front_a01_@2.png", "Brand": "Gadoua", "Url": "https://www.maxi.ca/plain-english-muffins/p/20946944_EA", "Sub Category": null, "English Name": "Plain English Muffins", "Size": "342 g", "Size Label": "ea"}, {"Category": "Breakfast", "Aisle": "Bakery", "Sku": "21216410_EA", "Regular Price": "None", "Sale Price": "2.29", "Image": "https://assets.shop.loblaws.ca/products/21216410/b1/en/front/21216410_front_a01_@2.png", "Brand": "No Name", "Url": "https://www.maxi.ca/whole-wheat-english-muffins/p/21216410_EA", "Sub Category": null, "English Name": "Whole Wheat English Muffins", "Size": "342 g", "Size Label": "ea"}, {"Category": "Breakfast", "Aisle": "Bakery", "Sku": "21549533_EA", "Regular Price": "None", "Sale Price": "6.00", "Image": "https://assets.shop.loblaws.ca/products/21549533/b1/en/front/21549533_front_a01_@2.png", "Brand": null, "Url": "https://www.maxi.ca/cinnamon-bun/p/21549533_EA", "Sub Category": null, "English Name": "Cinnamon Bun", "Size": "825 g", "Size Label": "ea"}, {"Category": "Breakfast", "Aisle": "Bakery", "Sku": "21549373_EA", "Regular Price": "None", "Sale Price": "3.00", "Image": "https://assets.shop.loblaws.ca/products/21549373/b1/en/front/21549373_front_a01_@2.png", "Brand": null, "Url": "https://www.maxi.ca/apple-turnover/p/21549373_EA", "Sub Category": null, "English Name": "Apple Turnover", "Size": "20x360.0 g", "Size Label": "ea"}, {"Category": "Breakfast", "Aisle": "Bakery", "Sku": "21161084_EA", "Regular Price": "None", "Sale Price": "5.99", "Image": "https://assets.shop.loblaws.ca/products/21161084/b1/en/front/21161084_front_a01_@2.png", "Brand": "Dumas", "Url": "https://www.maxi.ca/plain-croissants-10-units/p/21161084_EA", "Sub Category": null, "English Name": "Plain Croissants 10 units", "Size": "10x500.0 g", "Size Label": "ea"}, {"Category": "Breakfast", "Aisle": "Bakery", "Sku": "21172329_EA", "Regular Price": "None", "Sale Price": "2.99", "Image": "https://assets.loblaws.ca/pcx_bronx_fe_assets/images/common/coming-soon-en-web.png", "Brand": "Chef Frankie", "Url": "https://www.maxi.ca/bagelwich-sesame-seed/p/21172329_EA", "Sub Category": null, "English Name": "Bagelwich Sesame Seed", "Size": "420 g", "Size Label": "ea"}, {"Category": "Breakfast", "Aisle": "Bakery", "Sku": "20251061_EA", "Regular Price": "None", "Sale Price": "3.99", "Image": "https://assets.shop.loblaws.ca/products/20251061/b1/en/front/20251061_front_a01_@2.png", "Brand": "Gadoua", "Url": "https://www.maxi.ca/cinnamon-raisin-bagels/p/20251061_EA", "Sub Category": null, "English Name": "Cinnamon Raisin Bagels", "Size": "6x90.0 g", "Size Label": "ea"}, {"Category": "Breakfast", "Aisle": "Bakery", "Sku": "21549376_EA", "Regular Price": "None", "Sale Price": "3.00", "Image": "https://assets.shop.loblaws.ca/products/21549376/b1/en/front/21549376_front_a01_@2.png", "Brand": null, "Url": "https://www.maxi.ca/cherry-turnover/p/21549376_EA", "Sub Category": null, "English Name": "Cherry Turnover", "Size": "360 g", "Size Label": "ea"}, {"Category": "Breakfast", "Aisle": "Bakery", "Sku": "20947289_EA", "Regular Price": "None", "Sale Price": "3.99", "Image": "https://assets.shop.loblaws.ca/products/20947289/b1/en/front/20947289_front_a01_@2.png", "Brand": "Gadoua", "Url": "https://www.maxi.ca/100-whole-wheat-english-muffins/p/20947289_EA", "Sub Category": null, "English Name": "100% Whole Wheat English Muffins", "Size": "342 g", "Size Label": "ea"}, {"Category": "Breakfast", "Aisle": "Bakery", "Sku": "21217964_EA", "Regular Price": "2.49", "Sale Price": "2.29", "Image": "https://assets.shop.loblaws.ca/products/21217964/b1/en/front/21217964_front_a01_@2.png", "Brand": "No Name", "Url": "https://www.maxi.ca/bagel-poppy-seed/p/21217964_EA", "Sub Category": null, "English Name": "Bagel Poppy Seed", "Size": "510 g", "Size Label": "ea"}, {"Category": "Breakfast", "Aisle": "Bakery", "Sku": "21016273_EA", "Regular Price": "None", "Sale Price": "2.99", "Image": "https://assets.shop.loblaws.ca/products/21016273/b1/en/front/21016273_front_a01_@2.png", "Brand": "PC Blue Menu", "Url": "https://www.maxi.ca/whole-wheat-english-muffins/p/21016273_EA", "Sub Category": null, "English Name": "Whole Wheat English Muffins", "Size": "342 g", "Size Label": "ea"}, {"Category": "Breakfast", "Aisle": "Bakery", "Sku": "21549582_EA", "Regular Price": "None", "Sale Price": "6.00", "Image": "https://assets.shop.loblaws.ca/products/21549582/b1/en/front/21549582_front_a01_@2.png", "Brand": null, "Url": "https://www.maxi.ca/apple-turnover/p/21549582_EA", "Sub Category": null, "English Name": "Apple Turnover", "Size": "825 g", "Size Label": "ea"}, {"Category": "Breakfast", "Aisle": "Bakery", "Sku": "21161077_EA", "Regular Price": "5.00", "Sale Price": "3.50", "Image": "https://assets.shop.loblaws.ca/products/21161077/b1/en/front/21161077_front_a01_@2.png", "Brand": "Dumas", "Url": "https://www.maxi.ca/original-6-croissants/p/21161077_EA", "Sub Category": null, "English Name": "Original 6 Croissants", "Size": "6x300.0 g", "Size Label": "ea"}, {"Category": "Breakfast", "Aisle": "Bakery", "Sku": "21283350_EA", "Regular Price": "None", "Sale Price": "6.00", "Image": "https://assets.shop.loblaws.ca/products/21283350/b1/en/front/21283350_front_a01_@2.png", "Brand": "Farmer's Market", "Url": "https://www.maxi.ca/pumpkin-muffins/p/21283350_EA", "Sub Category": null, "English Name": "Pumpkin Muffins", "Size": "600 g", "Size Label": "ea"}, {"Category": "Breakfast", "Aisle": "Bakery", "Sku": "21161077_EA", "Regular Price": "5.00", "Sale Price": "3.50", "Image": "https://assets.shop.loblaws.ca/products/21161077/b1/en/front/21161077_front_a01_@2.png", "Brand": "Dumas", "Url": "https://www.maxi.ca/original-6-croissants/p/21161077_EA", "Sub Category": null, "English Name": "Original 6 Croissants", "Size": "6x300.0 g", "Size Label": "ea"}, {"Category": "Breakfast", "Aisle": "Bakery", "Sku": "21217968_EA", "Regular Price": "2.49", "Sale Price": "2.29", "Image": "https://assets.shop.loblaws.ca/products/21217968/b1/en/front/21217968_front_a01_@2.png", "Brand": "No Name", "Url": "https://www.maxi.ca/bagel-whole-wheat/p/21217968_EA", "Sub Category": null, "English Name": "Bagel Whole Wheat", "Size": "510 g", "Size Label": "ea"}, {"Category": "Wraps, Pitas & Flatbread", "Aisle": "Bakery", "Sku": "20318788_EA", "Regular Price": "None", "Sale Price": "4.99", "Image": "https://assets.shop.loblaws.ca/products/20318788/b1/en/front/20318788_front_a01_@2.png", "Brand": "Casa Mendosa", "Url": "https://www.maxi.ca/large-original-tortillas/p/20318788_EA", "Sub Category": null, "English Name": "Large Original Tortillas", "Size": "640 g", "Size Label": "ea"}, {"Category": "Wraps, Pitas & Flatbread", "Aisle": "Bakery", "Sku": "20182857_EA", "Regular Price": "None", "Sale Price": "4.79", "Image": "https://assets.shop.loblaws.ca/products/20182857/b1/en/front/20182857_front_a01_@2.png", "Brand": "President's Choice", "Url": "https://www.maxi.ca/tortillas-original/p/20182857_EA", "Sub Category": null, "English Name": "Tortillas Original ", "Size": "650 g", "Size Label": "ea"}, {"Category": "Wraps, Pitas & Flatbread", "Aisle": "Bakery", "Sku": "21064398_EA", "Regular Price": "None", "Sale Price": "3.49", "Image": "https://assets.shop.loblaws.ca/products/21064398/b1/en/front/21064398_front_a01_@2.png", "Brand": "No Name", "Url": "https://www.maxi.ca/10-original-tortillas/p/21064398_EA", "Sub Category": null, "English Name": "10 Original Tortillas", "Size": "320 g", "Size Label": "ea"}, {"Category": "Wraps, Pitas & Flatbread", "Aisle": "Bakery", "Sku": "21051353_EA", "Regular Price": "None", "Sale Price": "3.29", "Image": "https://assets.shop.loblaws.ca/products/21051353/b1/en/front/21051353_front_a01_@2.png", "Brand": "Suraj", "Url": "https://www.maxi.ca/naan-original-5-flatbreads/p/21051353_EA", "Sub Category": null, "English Name": "Naan Original 5 Flatbreads", "Size": "500 g", "Size Label": "ea"}, {"Category": "Wraps, Pitas & Flatbread", "Aisle": "Bakery", "Sku": "20342261_EA", "Regular Price": "None", "Sale Price": "5.00", "Image": "https://assets.shop.loblaws.ca/products/20342261/b1/en/front/20342261_front_a01_@2.png", "Brand": "Suraj", "Url": "https://www.maxi.ca/naan-original-flatbreads-10-pack/p/20342261_EA", "Sub Category": null, "English Name": "Naan Original Flatbreads, 10 pack", "Size": "1 ea", "Size Label": "ea"}, {"Category": "Wraps, Pitas & Flatbread", "Aisle": "Bakery", "Sku": "21050380_EA", "Regular Price": "None", "Sale Price": "3.29", "Image": "https://assets.shop.loblaws.ca/products/21050380/b1/en/front/21050380_front_a01_@2.png", "Brand": "Suraj", "Url": "https://www.maxi.ca/naan-garlic-5-flatbreads/p/21050380_EA", "Sub Category": null, "English Name": "Naan Garlic 5 Flatbreads", "Size": "500 g", "Size Label": "ea"}, {"Category": "Wraps, Pitas & Flatbread", "Aisle": "Bakery", "Sku": "20343319_EA", "Regular Price": "None", "Sale Price": "5.00", "Image": "https://assets.shop.loblaws.ca/products/20343319/b1/en/front/20343319_front_a01_@2.png", "Brand": "Suraj", "Url": "https://www.maxi.ca/naan-garlic-flatbreads/p/20343319_EA", "Sub Category": null, "English Name": "Naan Garlic Flatbreads", "Size": "1 kg", "Size Label": "ea"}, {"Category": "Wraps, Pitas & Flatbread", "Aisle": "Bakery", "Sku": "20999700_EA", "Regular Price": "None", "Sale Price": "6.99", "Image": "https://assets.shop.loblaws.ca/products/20999700/b1/en/front/20999700_front_a01_@2.png", "Brand": "President's Choice", "Url": "https://www.maxi.ca/traditional-naan-dippers-flatbreads-club-pack/p/20999700_EA", "Sub Category": null, "English Name": "Traditional Naan Dippers Flatbreads Club Pack", "Size": "400 g", "Size Label": "ea"}, {"Category": "Wraps, Pitas & Flatbread", "Aisle": "Bakery", "Sku": "21447518_EA", "Regular Price": "None", "Sale Price": "4.79", "Image": "https://assets.shop.loblaws.ca/products/21447518/b1/en/front/21447518_front_a01_@2.png", "Brand": "President's Choice", "Url": "https://www.maxi.ca/protein-tortillas/p/21447518_EA", "Sub Category": null, "English Name": "Protein Tortillas", "Size": "342 g", "Size Label": "ea"}, {"Category": "Wraps, Pitas & Flatbread", "Aisle": "Bakery", "Sku": "21064397_EA", "Regular Price": "None", "Sale Price": "3.49", "Image": "https://assets.shop.loblaws.ca/products/21064397/b1/en/front/21064397_front_a01_@2.png", "Brand": "No Name", "Url": "https://www.maxi.ca/10-wheat-tortillas/p/21064397_EA", "Sub Category": null, "English Name": "10 Wheat Tortillas", "Size": "320 g", "Size Label": "ea"}, {"Category": "Wraps, Pitas & Flatbread", "Aisle": "Bakery", "Sku": "21076234_EA", "Regular Price": "None", "Sale Price": "3.49", "Image": "https://assets.shop.loblaws.ca/products/21076234/b1/en/front/21076234_front_a01_@2.png", "Brand": "President's Choice", "Url": "https://www.maxi.ca/mini-naan-traditional-4-flatbreads/p/21076234_EA", "Sub Category": null, "English Name": "Mini Naan Traditional 4 Flatbreads", "Size": "180 g", "Size Label": "ea"}, {"Category": "Wraps, Pitas & Flatbread", "Aisle": "Bakery", "Sku": "20322759_EA", "Regular Price": "None", "Sale Price": "3.79", "Image": "https://assets.shop.loblaws.ca/products/20322759/b1/en/front/20322759_front_a01_@2.png", "Brand": "President's Choice", "Url": "https://www.maxi.ca/garlic-naan/p/20322759_EA", "Sub Category": null, "English Name": "Garlic Naan\u00a0", "Size": "250 g", "Size Label": "ea"}, {"Category": "Wraps, Pitas & Flatbread", "Aisle": "Bakery", "Sku": "20321754_EA", "Regular Price": "None", "Sale Price": "3.79", "Image": "https://assets.shop.loblaws.ca/products/20321754/b1/en/front/20321754_front_a01_@2.png", "Brand": "President's Choice", "Url": "https://www.maxi.ca/traditional-naan/p/20321754_EA", "Sub Category": null, "English Name": "Traditional Naan", "Size": "250 g", "Size Label": "ea"}, {"Category": "Wraps, Pitas & Flatbread", "Aisle": "Bakery", "Sku": "21195569_EA", "Regular Price": "None", "Sale Price": "3.79", "Image": "https://assets.shop.loblaws.ca/products/21195569/b1/en/front/21195569_front_a01_@2.png", "Brand": "Crispy", "Url": "https://www.maxi.ca/roti-wrap-whole-wheat-15pieces/p/21195569_EA", "Sub Category": null, "English Name": "Roti Wrap Whole Wheat, 15pieces", "Size": "750 g", "Size Label": "ea"}, {"Category": "Wraps, Pitas & Flatbread", "Aisle": "Bakery", "Sku": "21195607_EA", "Regular Price": "None", "Sale Price": "3.79", "Image": "https://assets.shop.loblaws.ca/products/21195607/b1/en/front/21195607_front_a01_@2.png", "Brand": "Crispy", "Url": "https://www.maxi.ca/roti-wrap-original-15pieces/p/21195607_EA", "Sub Category": null, "English Name": "Roti Wrap Original, 15pieces", "Size": "750 g", "Size Label": "ea"}, {"Category": "Wraps, Pitas & Flatbread", "Aisle": "Bakery", "Sku": "21051030_EA", "Regular Price": "None", "Sale Price": "3.29", "Image": "https://assets.shop.loblaws.ca/products/21051030/b1/en/front/21051030_front_a01_@2.png", "Brand": "Suraj", "Url": "https://www.maxi.ca/naan-whole-wheat-5-flatbreads/p/21051030_EA", "Sub Category": null, "English Name": "Naan Whole Wheat 5 Flatbreads", "Size": "500 g", "Size Label": "ea"}, {"Category": "Wraps, Pitas & Flatbread", "Aisle": "Bakery", "Sku": "20311697_EA", "Regular Price": "None", "Sale Price": "1.79", "Image": "https://assets.shop.loblaws.ca/products/20311697/b1/en/front/20311697_front_a01_@2.png", "Brand": "No Name", "Url": "https://www.maxi.ca/pita-original/p/20311697_EA", "Sub Category": null, "English Name": "Pita, Original", "Size": "225 g", "Size Label": "ea"}, {"Category": "Wraps, Pitas & Flatbread", "Aisle": "Bakery", "Sku": "20976470_EA", "Regular Price": "None", "Sale Price": "5.49", "Image": "https://assets.shop.loblaws.ca/products/20976470/b1/en/front/20976470_front_a01_@2.png", "Brand": "Gadoua", "Url": "https://www.maxi.ca/original-tortilla-10-in/p/20976470_EA", "Sub Category": null, "English Name": "Original Tortilla, 10 in", "Size": "640 g", "Size Label": "ea"}, {"Category": "Wraps, Pitas & Flatbread", "Aisle": "Bakery", "Sku": "20014146_EA", "Regular Price": "None", "Sale Price": "1.79", "Image": "https://assets.shop.loblaws.ca/products/20014146/b1/en/front/20014146_front_a01_@2.png", "Brand": "No Name", "Url": "https://www.maxi.ca/pita-whole-wheat/p/20014146_EA", "Sub Category": null, "English Name": "Pita, Whole Wheat", "Size": "225 g", "Size Label": "ea"}, {"Category": "Wraps, Pitas & Flatbread", "Aisle": "Bakery", "Sku": "21440655_EA", "Regular Price": "None", "Sale Price": "3.00", "Image": "https://assets.shop.loblaws.ca/products/21440655/b1/en/front/21440655_front_a01_@2.png", "Brand": "Frontier Bakery", "Url": "https://www.maxi.ca/mini-whole-wheat-pita/p/21440655_EA", "Sub Category": null, "English Name": "Mini Whole Wheat Pita", "Size": "360 g", "Size Label": "ea"}, {"Category": "Wraps, Pitas & Flatbread", "Aisle": "Bakery", "Sku": "21440957_EA", "Regular Price": "None", "Sale Price": "1.50", "Image": "https://assets.shop.loblaws.ca/products/21440957/b1/en/front/21440957_front_a01_@2.png", "Brand": "Frontier Bakery", "Url": "https://www.maxi.ca/lebanese-style-white-bread-pita/p/21440957_EA", "Sub Category": null, "English Name": "Lebanese Style White Bread Pita", "Size": "268 g", "Size Label": "ea"}, {"Category": "Wraps, Pitas & Flatbread", "Aisle": "Bakery", "Sku": "20050734_EA", "Regular Price": "None", "Sale Price": "3.49", "Image": "https://assets.shop.loblaws.ca/products/20050734/b1/en/front/20050734_front_a01_@2.png", "Brand": "Montreal Pita", "Url": "https://www.maxi.ca/whole-wheat-pita-bread/p/20050734_EA", "Sub Category": null, "English Name": "Whole Wheat Pita Bread", "Size": "720 g", "Size Label": "ea"}, {"Category": "Wraps, Pitas & Flatbread", "Aisle": "Bakery", "Sku": "21440650_EA", "Regular Price": "None", "Sale Price": "3.00", "Image": "https://assets.shop.loblaws.ca/products/21440650/b1/en/front/21440650_front_a01_@2.png", "Brand": "Frontier Bakery", "Url": "https://www.maxi.ca/mini-white-pita/p/21440650_EA", "Sub Category": null, "English Name": "Mini White Pita", "Size": "360 g", "Size Label": "ea"}, {"Category": "Wraps, Pitas & Flatbread", "Aisle": "Bakery", "Sku": "20032220_EA", "Regular Price": "None", "Sale Price": "2.29", "Image": "https://assets.shop.loblaws.ca/products/20032220/b1/en/front/20032220_front_a01_@2.png", "Brand": "Montreal Pita", "Url": "https://www.maxi.ca/aladdin-whole-wheat-pita-bread/p/20032220_EA", "Sub Category": null, "English Name": "Aladdin Whole Wheat Pita Bread", "Size": "225 g", "Size Label": "ea"}, {"Category": "Wraps, Pitas & Flatbread", "Aisle": "Bakery", "Sku": "21441043_EA", "Regular Price": "None", "Sale Price": "1.50", "Image": "https://assets.shop.loblaws.ca/products/21441043/b1/en/front/21441043_front_a01_@2.png", "Brand": "Frontier Bakery", "Url": "https://www.maxi.ca/white-pita-greek-pocketless-flat-bread/p/21441043_EA", "Sub Category": null, "English Name": "White Pita Greek Pocketless Flat Bread", "Size": "425 g", "Size Label": "ea"}, {"Category": "Wraps, Pitas & Flatbread", "Aisle": "Bakery", "Sku": "21063835_EA", "Regular Price": "None", "Sale Price": "4.49", "Image": "https://assets.shop.loblaws.ca/products/21063835/b1/en/front/21063835_front_a01_@2.png", "Brand": "No Name", "Url": "https://www.maxi.ca/8-original-tortillas/p/21063835_EA", "Sub Category": null, "English Name": "8 Original Tortillas", "Size": "520 g", "Size Label": "ea"}, {"Category": "Wraps, Pitas & Flatbread", "Aisle": "Bakery", "Sku": "21184336_EA", "Regular Price": "None", "Sale Price": "5.49", "Image": "https://assets.shop.loblaws.ca/products/21184336/b1/en/front/21184336_front_a01_@2.png", "Brand": "Gadoua", "Url": "https://www.maxi.ca/100-whole-wheat-tortillas/p/21184336_EA", "Sub Category": null, "English Name": "100% Whole Wheat Tortillas", "Size": "640 g", "Size Label": "ea"}, {"Category": "Wraps, Pitas & Flatbread", "Aisle": "Bakery", "Sku": "20976472_EA", "Regular Price": "None", "Sale Price": "4.99", "Image": "https://assets.shop.loblaws.ca/products/20976472/b1/en/front/20976472_front_a01_@2.png", "Brand": "Gadoua", "Url": "https://www.maxi.ca/original-tortilla-7-in/p/20976472_EA", "Sub Category": null, "English Name": "Original Tortilla, 7 in", "Size": "340 g", "Size Label": "ea"}, {"Category": "Wraps, Pitas & Flatbread", "Aisle": "Bakery", "Sku": "20304550_EA", "Regular Price": "None", "Sale Price": "3.49", "Image": "https://assets.shop.loblaws.ca/products/20304550/b1/en/front/20304550_front_a01_@2.png", "Brand": "Montreal Pita", "Url": "https://www.maxi.ca/arz-plain-pita-bread/p/20304550_EA", "Sub Category": null, "English Name": "Arz Plain Pita Bread", "Size": "675 g", "Size Label": "ea"}, {"Category": "Wraps, Pitas & Flatbread", "Aisle": "Bakery", "Sku": "21441022_EA", "Regular Price": "None", "Sale Price": "1.50", "Image": "https://assets.shop.loblaws.ca/products/21441022/b1/en/front/21441022_front_a01_@2.png", "Brand": "Frontier Bakery", "Url": "https://www.maxi.ca/lebanese-style-whole-wheat-bread-pita/p/21441022_EA", "Sub Category": null, "English Name": "Lebanese Style Whole Wheat Bread Pita", "Size": "268 g", "Size Label": "ea"}, {"Category": "Wraps, Pitas & Flatbread", "Aisle": "Bakery", "Sku": "20030024_EA", "Regular Price": "None", "Sale Price": "2.29", "Image": "https://assets.shop.loblaws.ca/products/20030024/b1/en/front/20030024_front_a01_@2.png", "Brand": "Montreal Pita", "Url": "https://www.maxi.ca/pita-bread-olive-oil/p/20030024_EA", "Sub Category": null, "English Name": "Pita Bread, Olive Oil", "Size": "225 g", "Size Label": "ea"}, {"Category": "Seasonal", "Aisle": "Bakery", "Sku": "21311529_EA", "Regular Price": "None", "Sale Price": "6.00", "Image": "https://assets.shop.loblaws.ca/products/21311529/b1/en/front/21311529_front_a01_@2.png", "Brand": null, "Url": "https://www.maxi.ca/light-fruit-cake/p/21311529_EA", "Sub Category": null, "English Name": "Light Fruit Cake", "Size": "370 g", "Size Label": "ea"}, {"Category": "Seasonal", "Aisle": "Bakery", "Sku": "21394784_EA", "Regular Price": "None", "Sale Price": "7.00", "Image": "https://assets.shop.loblaws.ca/products/21394784/b1/en/front/21394784_front_a01_@2.png", "Brand": "Farmer's Market", "Url": "https://www.maxi.ca/fruitck-dark-pecan-topped/p/21394784_EA", "Sub Category": null, "English Name": "Fruitck Dark Pecan Topped", "Size": "500 g", "Size Label": "ea"}, {"Category": "Seasonal", "Aisle": "Bakery", "Sku": "21394769_EA", "Regular Price": "None", "Sale Price": "7.00", "Image": "https://assets.shop.loblaws.ca/products/21394769/b1/en/front/21394769_front_a01_@2.png", "Brand": "Farmer's Market", "Url": "https://www.maxi.ca/fruitcake-dark-with-marzipan/p/21394769_EA", "Sub Category": null, "English Name": "Fruitcake Dark with Marzipan", "Size": "500 g", "Size Label": "ea"}, {"Category": "Seasonal", "Aisle": "Bakery", "Sku": "21394760_EA", "Regular Price": "None", "Sale Price": "7.00", "Image": "https://assets.shop.loblaws.ca/products/21394760/b1/en/front/21394760_front_a01_@2.png", "Brand": "Farmer's Market", "Url": "https://www.maxi.ca/fruitcake-light-with-marzipan/p/21394760_EA", "Sub Category": null, "English Name": "Fruitcake Light with Marzipan", "Size": "500 g", "Size Label": "ea"}, {"Category": "Seasonal", "Aisle": "Bakery", "Sku": "21471273_EA", "Regular Price": "None", "Sale Price": "9.00", "Image": "https://assets.shop.loblaws.ca/products/21471273/b1/en/front/21471273_front_a01_@2.png", "Brand": null, "Url": "https://www.maxi.ca/fruitcake/p/21471273_EA", "Sub Category": null, "English Name": "Fruitcake", "Size": "400 g", "Size Label": "ea"}, {"Category": "Seasonal", "Aisle": "Bakery", "Sku": "21462898_EA", "Regular Price": "None", "Sale Price": "10.00", "Image": "https://assets.shop.loblaws.ca/products/21462898/b1/en/front/21462898_front_a01_@2.png", "Brand": "President's Choice", "Url": "https://www.maxi.ca/brandy-fruitcake/p/21462898_EA", "Sub Category": null, "English Name": "Brandy Fruitcake", "Size": "524 g", "Size Label": "ea"}, {"Category": "Pizza Crusts & Crumbs ", "Aisle": "Bakery", "Sku": "21416545_EA", "Regular Price": "None", "Sale Price": "3.79", "Image": "https://assets.shop.loblaws.ca/products/21416545/b1/en/front/21416545_front_a01_@2.png", "Brand": "President's Choice", "Url": "https://www.maxi.ca/original-thin-pizza-crusts-thin/p/21416545_EA", "Sub Category": null, "English Name": "Original Thin Pizza Crusts Thin", "Size": "440 g", "Size Label": "ea"}, {"Category": "Pizza Crusts & Crumbs ", "Aisle": "Bakery", "Sku": "20896528_EA", "Regular Price": "None", "Sale Price": "3.79", "Image": "https://assets.shop.loblaws.ca/products/20896528/b1/en/front/20896528_front_a01_@2.png", "Brand": "President's Choice", "Url": "https://www.maxi.ca/thick-pizza-crust/p/20896528_EA", "Sub Category": null, "English Name": "Thick Pizza Crust", "Size": "300 g", "Size Label": "ea"}, {"Category": "Pizza Crusts & Crumbs ", "Aisle": "Bakery", "Sku": "20782086_EA", "Regular Price": "None", "Sale Price": "5.49", "Image": "https://assets.shop.loblaws.ca/products/20782086/b1/en/front/20782086_front_a01_@2.png", "Brand": "Old Mill", "Url": "https://www.maxi.ca/12-thin-pizza-starter-kit/p/20782086_EA", "Sub Category": null, "English Name": "12\" Thin Pizza Starter Kit", "Size": "700 g", "Size Label": "ea"}, {"Category": "Pizza Crusts & Crumbs ", "Aisle": "Bakery", "Sku": "20674124_EA", "Regular Price": "None", "Sale Price": "1.99", "Image": "https://assets.shop.loblaws.ca/products/20674124/b1/en/front/20674124_front_a01_@2.png", "Brand": "Fraisier", "Url": "https://www.maxi.ca/pizza-mini-tomato-basil/p/20674124_EA", "Sub Category": null, "English Name": "Pizza, Mini Tomato Basil   ", "Size": "125 g", "Size Label": "ea"}, {"Category": "Pizza Crusts & Crumbs ", "Aisle": "Bakery", "Sku": "21315298_EA", "Regular Price": "None", "Sale Price": "1.99", "Image": "https://assets.shop.loblaws.ca/products/21315298/b1/en/front/21315298_front_a01_@2.png", "Brand": null, "Url": "https://www.maxi.ca/homestyle-stuffing/p/21315298_EA", "Sub Category": null, "English Name": "Homestyle Stuffing ", "Size": "300 g", "Size Label": "ea"}, {"Category": "Pizza Crusts & Crumbs ", "Aisle": "Bakery", "Sku": "20184931_EA", "Regular Price": "None", "Sale Price": "3.99", "Image": "https://assets.shop.loblaws.ca/products/20184931/b1/en/front/20184931_front_a01_@2.png", "Brand": "Frazier", "Url": "https://www.maxi.ca/tomato-basil-pizza/p/20184931_EA", "Sub Category": null, "English Name": "Tomato & Basil Pizza", "Size": "375 g", "Size Label": "ea"}, {"Category": "Pizza Crusts & Crumbs ", "Aisle": "Bakery", "Sku": "21345571_EA", "Regular Price": "None", "Sale Price": "6.49", "Image": "https://assets.shop.loblaws.ca/products/21345571/b1/en/front/21345571_front_a01_@2.png", "Brand": "Mikes", "Url": "https://www.maxi.ca/2-x-9in-pizza-dough-with-sauce/p/21345571_EA", "Sub Category": null, "English Name": "2 X 9In Pizza Dough With Sauce", "Size": "12x450.0 g", "Size Label": "ea"}, {"Category": "Pizza Crusts & Crumbs ", "Aisle": "Bakery", "Sku": "21339118_EA", "Regular Price": "None", "Sale Price": "3.99", "Image": "https://assets.shop.loblaws.ca/products/21339118/b1/en/front/21339118_front_a01_@2.png", "Brand": "Villa Di Manno", "Url": "https://www.maxi.ca/stuffing-croutons/p/21339118_EA", "Sub Category": null, "English Name": "Stuffing Croutons", "Size": "567 g", "Size Label": "ea"}, {"Category": "Bread", "Aisle": "Bakery", "Sku": "21178642_EA", "Regular Price": "None", "Sale Price": "3.99", "Image": "https://assets.shop.loblaws.ca/products/21178642/b1/en/front/21178642_front_a01_@2.png", "Brand": "Country Harvest", "Url": "https://www.maxi.ca/14-grains-bread/p/21178642_EA", "Sub Category": null, "English Name": "14 Grains Bread", "Size": "600 g", "Size Label": "ea"}, {"Category": "Bread", "Aisle": "Bakery", "Sku": "21178640_EA", "Regular Price": "None", "Sale Price": "3.99", "Image": "https://assets.shop.loblaws.ca/products/21178640/b1/en/front/21178640_front_a01_@2.png", "Brand": "Country Harvest", "Url": "https://www.maxi.ca/ancient-grains-red-fife-bread/p/21178640_EA", "Sub Category": null, "English Name": "Ancient Grains & Red Fife Bread", "Size": "600 g", "Size Label": "ea"}, {"Category": "Bread", "Aisle": "Bakery", "Sku": "20171171_EA", "Regular Price": "None", "Sale Price": "2.88", "Image": "https://assets.shop.loblaws.ca/products/20171171/b1/en/front/20171171_front_a01_@2.png", "Brand": "ACE", "Url": "https://www.maxi.ca/white-baguette/p/20171171_EA", "Sub Category": null, "English Name": "White Baguette", "Size": "350 g", "Size Label": "ea"}, {"Category": "Bread", "Aisle": "Bakery", "Sku": "20038335_EA", "Regular Price": "None", "Sale Price": "3.29", "Image": "https://assets.shop.loblaws.ca/products/20038335/b1/en/front/20038335_front_a01_@2.png", "Brand": "DItaliano", "Url": "https://www.maxi.ca/thick-slices-bread/p/20038335_EA", "Sub Category": null, "English Name": "Thick Slices Bread", "Size": "675 g", "Size Label": "ea"}, {"Category": "Bread", "Aisle": "Bakery", "Sku": "21116899_EA", "Regular Price": "None", "Sale Price": "0.88", "Image": "https://assets.shop.loblaws.ca/products/21116899/b1/en/front/21116899_front_a01_@2.png", "Brand": null, "Url": "https://www.maxi.ca/white-baguette/p/21116899_EA", "Sub Category": null, "English Name": "White Baguette", "Size": "255 g", "Size Label": "ea"}, {"Category": "Bread", "Aisle": "Bakery", "Sku": "21529211_EA", "Regular Price": "None", "Sale Price": "1.88", "Image": "https://assets.shop.loblaws.ca/products/21529211/b1/en/front/21529211_front_a01_@2.png", "Brand": null, "Url": "https://www.maxi.ca/white-baguette/p/21529211_EA", "Sub Category": null, "English Name": "White Baguette", "Size": "255 g", "Size Label": "ea"}, {"Category": "Bread", "Aisle": "Bakery", "Sku": "21429067_EA", "Regular Price": "None", "Sale Price": "3.99", "Image": "https://assets.shop.loblaws.ca/products/21429067/b1/en/front/21429067_front_a01_@2.png", "Brand": "Country Harvest", "Url": "https://www.maxi.ca/protein-bread/p/21429067_EA", "Sub Category": null, "English Name": "Protein Bread", "Size": "600 g", "Size Label": "ea"}, {"Category": "Bread", "Aisle": "Bakery", "Sku": "21178967_EA", "Regular Price": "None", "Sale Price": "3.99", "Image": "https://assets.shop.loblaws.ca/products/21178967/b1/en/front/21178967_front_a01_@2.png", "Brand": "Country Harvest", "Url": "https://www.maxi.ca/cinnamon-raisin-bread/p/21178967_EA", "Sub Category": null, "English Name": "Cinnamon Raisin Bread", "Size": "600 g", "Size Label": "ea"}, {"Category": "Bread", "Aisle": "Bakery", "Sku": "21428983_EA", "Regular Price": "None", "Sale Price": "3.99", "Image": "https://assets.shop.loblaws.ca/products/21428983/b1/en/front/21428983_front_a01_@2.png", "Brand": "Country Harvest", "Url": "https://www.maxi.ca/quinoa-flax-bread/p/21428983_EA", "Sub Category": null, "English Name": "Quinoa Flax Bread", "Size": "600 g", "Size Label": "ea"}, {"Category": "Bread", "Aisle": "Bakery", "Sku": "21178630_EA", "Regular Price": "None", "Sale Price": "3.99", "Image": "https://assets.shop.loblaws.ca/products/21178630/b1/en/front/21178630_front_a01_@2.png", "Brand": "Country Harvest", "Url": "https://www.maxi.ca/whole-grains-bread-no-sugar-added/p/21178630_EA", "Sub Category": null, "English Name": "Whole Grains Bread No Sugar Added", "Size": "600 g", "Size Label": "ea"}, {"Category": "Bread", "Aisle": "Bakery", "Sku": "21433366_EA", "Regular Price": "None", "Sale Price": "3.99", "Image": "https://assets.shop.loblaws.ca/products/21433366/b1/en/front/21433366_front_a01_@2.png", "Brand": "Country Harvest", "Url": "https://www.maxi.ca/everything-bread/p/21433366_EA", "Sub Category": null, "English Name": "Everything Bread", "Size": "600 g", "Size Label": "ea"}, {"Category": "Bread", "Aisle": "Bakery", "Sku": "20323429_EA", "Regular Price": "None", "Sale Price": "3.49", "Image": "https://assets.shop.loblaws.ca/products/20323429/b1/en/front/20323429_front_a01_@2.png", "Brand": "Gadoua", "Url": "https://www.maxi.ca/white-bread/p/20323429_EA", "Sub Category": null, "English Name": "White Bread", "Size": "675 g", "Size Label": "ea"}, {"Category": "Bread", "Aisle": "Bakery", "Sku": "21166112_EA", "Regular Price": "None", "Sale Price": "4.29", "Image": "https://assets.shop.loblaws.ca/products/21166112/b1/en/front/21166112_front_a01_@2.png", "Brand": "La Baguetterie", "Url": "https://www.maxi.ca/sourdough-sliced-miche/p/21166112_EA", "Sub Category": null, "English Name": "Sourdough Sliced Miche", "Size": "800 g", "Size Label": "ea"}, {"Category": "Bread", "Aisle": "Bakery", "Sku": "21020061_EA", "Regular Price": "None", "Sale Price": "2.29", "Image": "https://assets.shop.loblaws.ca/products/21020061/b1/en/front/21020061_front_a01_@2.png", "Brand": "Ready Bake", "Url": "https://www.maxi.ca/garlic-bread/p/21020061_EA", "Sub Category": null, "English Name": "Garlic Bread", "Size": "330 g", "Size Label": "ea"}, {"Category": "Bread", "Aisle": "Bakery", "Sku": "20862393_EA", "Regular Price": "None", "Sale Price": "4.29", "Image": "https://assets.shop.loblaws.ca/products/20862393/b1/en/front/20862393_front_a01_@2.png", "Brand": "La Baguetterie", "Url": "https://www.maxi.ca/white-miche-sliced/p/20862393_EA", "Sub Category": null, "English Name": "White Miche Sliced", "Size": "800 g", "Size Label": "ea"}, {"Category": "Bread", "Aisle": "Bakery", "Sku": "20118153_EA", "Regular Price": "None", "Sale Price": "2.99", "Image": "https://assets.shop.loblaws.ca/products/20118153/b1/en/front/20118153_front_a01_@2.png", "Brand": "ACE", "Url": "https://www.maxi.ca/ace-white-demi-baguette/p/20118153_EA", "Sub Category": null, "English Name": "ACE White Demi Baguette", "Size": "200 g", "Size Label": "ea"}, {"Category": "Bread", "Aisle": "Bakery", "Sku": "20682189_EA", "Regular Price": "None", "Sale Price": "4.49", "Image": "https://assets.shop.loblaws.ca/products/20682189/b1/en/front/20682189_front_a01_@2.png", "Brand": "President's Choice", "Url": "https://www.maxi.ca/pumpernickel-rye-loaf-bread/p/20682189_EA", "Sub Category": null, "English Name": "Pumpernickel Rye Loaf Bread", "Size": "480 g", "Size Label": "ea"}, {"Category": "Bread", "Aisle": "Bakery", "Sku": "20161929_EA", "Regular Price": "None", "Sale Price": "4.49", "Image": "https://assets.shop.loblaws.ca/products/20161929/b1/en/front/20161929_front_a01_@2.png", "Brand": "President's Choice", "Url": "https://www.maxi.ca/european-multi-grain-rustic-bread/p/20161929_EA", "Sub Category": null, "English Name": "European Multi Grain Rustic Bread", "Size": "500 g", "Size Label": "ea"}, {"Category": "Bread", "Aisle": "Bakery", "Sku": "21530097_EA", "Regular Price": "None", "Sale Price": "1.88", "Image": "https://assets.shop.loblaws.ca/products/21530097/b1/en/front/21530097_front_a01_@2.png", "Brand": null, "Url": "https://www.maxi.ca/whole-wheat-baguette/p/21530097_EA", "Sub Category": null, "English Name": "Whole Wheat Baguette", "Size": "255 g", "Size Label": "ea"}, {"Category": "Bread", "Aisle": "Bakery", "Sku": "20115968_EA", "Regular Price": "None", "Sale Price": "6.69", "Image": "https://assets.shop.loblaws.ca/products/20115968/b1/en/front/20115968_front_a01_@2.png", "Brand": "ACE", "Url": "https://www.maxi.ca/cranberry-focaccia/p/20115968_EA", "Sub Category": null, "English Name": "Cranberry Focaccia ", "Size": "320 g", "Size Label": "ea"}, {"Category": "Bread", "Aisle": "Bakery", "Sku": "20067454_EA", "Regular Price": "None", "Sale Price": "4.59", "Image": "https://assets.shop.loblaws.ca/products/20067454/b1/en/front/20067454_front_a01_@2.png", "Brand": "ACE", "Url": "https://www.maxi.ca/rustic-italian-oval/p/20067454_EA", "Sub Category": null, "English Name": "Rustic Italian Oval", "Size": "350 g", "Size Label": "ea"}, {"Category": "Bread", "Aisle": "Bakery", "Sku": "20797364_EA", "Regular Price": "None", "Sale Price": "4.79", "Image": "https://assets.shop.loblaws.ca/products/20797364/b1/en/front/20797364_front_a01_@2.png", "Brand": "St Methode", "Url": "https://www.maxi.ca/grandfather-bread/p/20797364_EA", "Sub Category": null, "English Name": "Grandfather Bread", "Size": "600 g", "Size Label": "ea"}, {"Category": "Bread", "Aisle": "Bakery", "Sku": "21363823_EA", "Regular Price": "None", "Sale Price": "4.49", "Image": "https://assets.shop.loblaws.ca/products/21363823/b1/en/front/21363823_front_a01_@2.png", "Brand": "Bon Matin", "Url": "https://www.maxi.ca/no-sugar-no-fat-added-100-whole-wheat-bread/p/21363823_EA", "Sub Category": null, "English Name": "No Sugar, No Fat Added 100 % Whole Wheat Bread", "Size": "600 g", "Size Label": "ea"}, {"Category": "Bread", "Aisle": "Bakery", "Sku": "21433076_EA", "Regular Price": "None", "Sale Price": "3.49", "Image": "https://assets.shop.loblaws.ca/products/21433076/b1/en/front/21433076_front_a01_@2.png", "Brand": "Gadoua", "Url": "https://www.maxi.ca/sandwich-club-white-bread/p/21433076_EA", "Sub Category": null, "English Name": "Sandwich Club White Bread", "Size": "675 g", "Size Label": "ea"}, {"Category": "Bread", "Aisle": "Bakery", "Sku": "20299673_EA", "Regular Price": "None", "Sale Price": "3.49", "Image": "https://assets.shop.loblaws.ca/products/20299673/b1/en/front/20299673_front_a01_@2.png", "Brand": "Gadoua", "Url": "https://www.maxi.ca/moelleux-whole-wheat-bread/p/20299673_EA", "Sub Category": null, "English Name": "Moelleux Whole Wheat Bread", "Size": "675 g", "Size Label": "ea"}, {"Category": "Bread", "Aisle": "Bakery", "Sku": "20041579_EA", "Regular Price": "None", "Sale Price": "5.29", "Image": "https://assets.shop.loblaws.ca/products/20041579/b1/en/front/20041579_front_a01_@2.png", "Brand": "Furlani", "Url": "https://www.maxi.ca/ready-bake-garlic-toast-texas-style-bread/p/20041579_EA", "Sub Category": null, "English Name": "Ready Bake Garlic Toast Texas-Style Bread", "Size": "16x40.0 g", "Size Label": "ea"}, {"Category": "Bread", "Aisle": "Bakery", "Sku": "20682498_EA", "Regular Price": "None", "Sale Price": "4.49", "Image": "https://assets.shop.loblaws.ca/products/20682498/b1/en/front/20682498_front_a01_@2.png", "Brand": "President's Choice", "Url": "https://www.maxi.ca/multigrain-rye-loaf-bread/p/20682498_EA", "Sub Category": null, "English Name": "Multigrain Rye Loaf Bread", "Size": "480 g", "Size Label": "ea"}, {"Category": "Bread", "Aisle": "Bakery", "Sku": "21286866_EA", "Regular Price": "None", "Sale Price": "5.99", "Image": "https://assets.shop.loblaws.ca/products/21286866/b1/en/front/21286866_front_a01_@2.png", "Brand": "President's Choice", "Url": "https://www.maxi.ca/gluten-free-millet-quinoa/p/21286866_EA", "Sub Category": null, "English Name": "Gluten Free Millet & Quinoa", "Size": "454 g", "Size Label": "ea"}, {"Category": "Bread", "Aisle": "Bakery", "Sku": "21298033_EA", "Regular Price": "None", "Sale Price": "6.79", "Image": "https://assets.shop.loblaws.ca/products/21298033/b1/en/front/21298033_front_a01_@2.png", "Brand": "LA FOURNEE DOREE", "Url": "https://www.maxi.ca/milk-brioche-rolls/p/21298033_EA", "Sub Category": null, "English Name": "Milk Brioche Rolls", "Size": "350 g", "Size Label": "ea"}, {"Category": "Bread", "Aisle": "Bakery", "Sku": "20711960_EA", "Regular Price": "5.29", "Sale Price": "4.99", "Image": "https://assets.shop.loblaws.ca/products/20711960/b1/en/front/20711960_front_a01_@2.png", "Brand": "Silver Hills", "Url": "https://www.maxi.ca/little-big-bread/p/20711960_EA", "Sub Category": null, "English Name": "Little Big Bread", "Size": "430 g", "Size Label": "ea"}, {"Category": "Bread", "Aisle": "Bakery", "Sku": "21245347_EA", "Regular Price": "None", "Sale Price": "5.99", "Image": "https://assets.shop.loblaws.ca/products/21245347/b1/en/front/21245347_front_a01_@2.png", "Brand": "President's Choice", "Url": "https://www.maxi.ca/gluten-free-white-bread/p/21245347_EA", "Sub Category": null, "English Name": "Gluten Free White Bread", "Size": "454 g", "Size Label": "ea"}, {"Category": "Bread", "Aisle": "Bakery", "Sku": "20165066_EA", "Regular Price": "None", "Sale Price": "4.79", "Image": "https://assets.shop.loblaws.ca/products/20165066/b1/en/front/20165066_front_a01_@2.png", "Brand": "St Methode", "Url": "https://www.maxi.ca/cereal-bread-no-fat-or-sugar-added/p/20165066_EA", "Sub Category": null, "English Name": "Cereal Bread, No Fat or Sugar Added", "Size": "675 g", "Size Label": "ea"}, {"Category": "Bread", "Aisle": "Bakery", "Sku": "20001165_EA", "Regular Price": "None", "Sale Price": "4.49", "Image": "https://assets.shop.loblaws.ca/products/20001165/b1/en/front/20001165_front_a01_@2.png", "Brand": "St Methode", "Url": "https://www.maxi.ca/whole-wheat-bread-sugar-free/p/20001165_EA", "Sub Category": null, "English Name": "Whole Wheat Bread, Sugar Free", "Size": "675 g", "Size Label": "ea"}, {"Category": "Bread", "Aisle": "Bakery", "Sku": "20593885_EA", "Regular Price": "None", "Sale Price": "3.49", "Image": "https://assets.shop.loblaws.ca/products/20593885/b1/en/front/20593885_front_a01_@2.png", "Brand": "Gadoua", "Url": "https://www.maxi.ca/bread-raisin-cinnamon/p/20593885_EA", "Sub Category": null, "English Name": "Bread, Raisin Cinnamon", "Size": "675 g", "Size Label": "ea"}, {"Category": "Bread", "Aisle": "Bakery", "Sku": "20123008_EA", "Regular Price": "None", "Sale Price": "4.29", "Image": "https://assets.shop.loblaws.ca/products/20123008/b1/en/front/20123008_front_a01_@2.png", "Brand": "Villaggio", "Url": "https://www.maxi.ca/sesame-italian-style-thick-slice-white-bread/p/20123008_EA", "Sub Category": null, "English Name": "Sesame Italian Style Thick Slice White Bread", "Size": "675 g", "Size Label": "ea"}, {"Category": "Bread", "Aisle": "Bakery", "Sku": "20998023_EA", "Regular Price": "None", "Sale Price": "4.49", "Image": "https://assets.shop.loblaws.ca/products/20998023/b1/en/front/20998023_front_a01_@2.png", "Brand": "Bon Matin", "Url": "https://www.maxi.ca/14-grain-bread/p/20998023_EA", "Sub Category": null, "English Name": "14 Grain Bread", "Size": "595 g", "Size Label": "ea"}, {"Category": "Bread", "Aisle": "Bakery", "Sku": "21430976_EA", "Regular Price": "None", "Sale Price": "3.99", "Image": "https://assets.shop.loblaws.ca/products/21430976/b1/en/front/21430976_front_a01_@2.png", "Brand": "Country Harvest", "Url": "https://www.maxi.ca/cranberry-oats-loaf/p/21430976_EA", "Sub Category": null, "English Name": "Cranberry & Oats Loaf", "Size": "600 g", "Size Label": "ea"}, {"Category": "Bread", "Aisle": "Bakery", "Sku": "20978205_EA", "Regular Price": "None", "Sale Price": "5.99", "Image": "https://assets.shop.loblaws.ca/products/20978205/b1/en/front/20978205_front_a01_@2.png", "Brand": "LA FOURNEE DOREE", "Url": "https://www.maxi.ca/sliced-brioche-bread/p/20978205_EA", "Sub Category": null, "English Name": "Sliced Brioche Bread", "Size": "500 g", "Size Label": "ea"}, {"Category": "Bread", "Aisle": "Bakery", "Sku": "20593882_EA", "Regular Price": "None", "Sale Price": "3.49", "Image": "https://assets.shop.loblaws.ca/products/20593882/b1/en/front/20593882_front_a01_@2.png", "Brand": "Gadoua", "Url": "https://www.maxi.ca/100-whole-wheat-loaf/p/20593882_EA", "Sub Category": null, "English Name": "100 % Whole Wheat Loaf", "Size": "675 g", "Size Label": "ea"}, {"Category": "Bread", "Aisle": "Bakery", "Sku": "21019751_EA", "Regular Price": "3.99", "Sale Price": "2.99", "Image": "https://assets.shop.loblaws.ca/products/21019751/b1/en/front/21019751_front_a01_@2.png", "Brand": "ACE", "Url": "https://www.maxi.ca/sesame-baguette/p/21019751_EA", "Sub Category": null, "English Name": "Sesame Baguette", "Size": "325 g", "Size Label": "ea"}, {"Category": "Bread", "Aisle": "Bakery", "Sku": "20639473_EA", "Regular Price": "None", "Sale Price": "2.99", "Image": "https://assets.shop.loblaws.ca/products/20639473/b1/en/front/20639473_front_a01_@2.png", "Brand": "ACE", "Url": "https://www.maxi.ca/olive-ciabatta/p/20639473_EA", "Sub Category": null, "English Name": "Olive Ciabatta", "Size": "225 g", "Size Label": "ea"}, {"Category": "Bread", "Aisle": "Bakery", "Sku": "20696966_EA", "Regular Price": "3.99", "Sale Price": "2.99", "Image": "https://assets.shop.loblaws.ca/products/20696966/b1/en/front/20696966_front_a01_@2.png", "Brand": "ACE", "Url": "https://www.maxi.ca/harvest-grain-baguette/p/20696966_EA", "Sub Category": null, "English Name": "Harvest Grain Baguette", "Size": "380 g", "Size Label": "ea"}, {"Category": "Bread", "Aisle": "Bakery", "Sku": "21405144_EA", "Regular Price": "None", "Sale Price": "3.79", "Image": "https://assets.shop.loblaws.ca/products/21405144/b1/en/front/21405144_front_a01_@2.png", "Brand": "La Baguetterie", "Url": "https://www.maxi.ca/white-baguette/p/21405144_EA", "Sub Category": null, "English Name": "White Baguette", "Size": "326 g", "Size Label": "ea"}, {"Category": "Bread", "Aisle": "Bakery", "Sku": "21314348_EA", "Regular Price": "3.99", "Sale Price": "2.99", "Image": "https://assets.shop.loblaws.ca/products/21314348/b1/en/front/21314348_front_a01_@2.png", "Brand": "ACE", "Url": "https://www.maxi.ca/sourdough-baguette/p/21314348_EA", "Sub Category": null, "English Name": "Sourdough Baguette", "Size": "380 g", "Size Label": "ea"}, {"Category": "Bread", "Aisle": "Bakery", "Sku": "20001601_EA", "Regular Price": "None", "Sale Price": "4.29", "Image": "https://assets.shop.loblaws.ca/products/20001601/b1/en/front/20001601_front_a01_@2.png", "Brand": "Villaggio", "Url": "https://www.maxi.ca/italian-style-thick-slice-100-whole-wheat-bread/p/20001601_EA", "Sub Category": null, "English Name": "Italian Style Thick Slice 100% Whole Wheat Bread", "Size": "675 g", "Size Label": "ea"}, {"Category": "Bread", "Aisle": "Bakery", "Sku": "20772385_EA", "Regular Price": "None", "Sale Price": "3.29", "Image": "https://assets.shop.loblaws.ca/products/20772385/b1/en/front/20772385_front_a01_@2.png", "Brand": "DItaliano", "Url": "https://www.maxi.ca/brizzolio-bread/p/20772385_EA", "Sub Category": null, "English Name": "Brizzolio Bread", "Size": "600 g", "Size Label": "ea"}, {"Category": "Bread", "Aisle": "Bakery", "Sku": "20309640_EA", "Regular Price": "None", "Sale Price": "2.99", "Image": "https://assets.shop.loblaws.ca/products/20309640/b1/en/front/20309640_front_a01_@2.png", "Brand": "No Name", "Url": "https://www.maxi.ca/enriched-white-bread/p/20309640_EA", "Sub Category": null, "English Name": "Enriched White Bread", "Size": "675 g", "Size Label": "ea"}, {"Category": "Bread", "Aisle": "Bakery", "Sku": "20815868_EA", "Regular Price": "None", "Sale Price": "4.49", "Image": "https://assets.shop.loblaws.ca/products/20815868/b1/en/front/20815868_front_a01_@2.png", "Brand": null, "Url": "https://www.maxi.ca/st-methode-integral-bread/p/20815868_EA", "Sub Category": null, "English Name": "St. Methode Integral Bread", "Size": "550 g", "Size Label": "ea"}, {"Category": "Bread", "Aisle": "Bakery", "Sku": "21178961_EA", "Regular Price": "None", "Sale Price": "3.99", "Image": "https://assets.shop.loblaws.ca/products/21178961/b1/en/front/21178961_front_a01_@2.png", "Brand": "Country Harvest", "Url": "https://www.maxi.ca/no-sugar-14-grain-bread/p/21178961_EA", "Sub Category": null, "English Name": "No Sugar 14 Grain Bread", "Size": "600 g", "Size Label": "ea"}, {"Category": "Bread", "Aisle": "Bakery", "Sku": "20172437_EA", "Regular Price": "None", "Sale Price": "4.49", "Image": "https://assets.shop.loblaws.ca/products/20172437/b1/en/front/20172437_front_a01_@2.png", "Brand": "St Methode", "Url": "https://www.maxi.ca/9-whole-grains-loaf/p/20172437_EA", "Sub Category": null, "English Name": "9 Whole Grains Loaf ", "Size": "570 g", "Size Label": "ea"}, {"Category": "Bread", "Aisle": "Bakery", "Sku": "20972876_EA", "Regular Price": "None", "Sale Price": "4.29", "Image": "https://assets.shop.loblaws.ca/products/20972876/b1/en/front/20972876_front_a01_@2.png", "Brand": "La Baguetterie", "Url": "https://www.maxi.ca/multigrain-miche-sliced/p/20972876_EA", "Sub Category": null, "English Name": "Multigrain Miche Sliced", "Size": "600 g", "Size Label": "ea"}, {"Category": "Bread", "Aisle": "Bakery", "Sku": "20291572_EA", "Regular Price": "None", "Sale Price": "5.29", "Image": "https://assets.shop.loblaws.ca/products/20291572/b1/en/front/20291572_front_a01_@2.png", "Brand": "Furlani", "Url": "https://www.maxi.ca/ready-bake-garlic-parmesan-toast-texas-style-bread/p/20291572_EA", "Sub Category": null, "English Name": "Ready Bake Garlic Parmesan Toast Texas-Style Bread", "Size": "16x40.0 g", "Size Label": "ea"}, {"Category": "Bread", "Aisle": "Bakery", "Sku": "20354747_EA", "Regular Price": "3.99", "Sale Price": "2.99", "Image": "https://assets.shop.loblaws.ca/products/20354747/b1/en/front/20354747_front_a01_@2.png", "Brand": "ACE", "Url": "https://www.maxi.ca/ciabatta-lunga/p/20354747_EA", "Sub Category": null, "English Name": "Ciabatta Lunga", "Size": "390 g", "Size Label": "ea"}, {"Category": "Bread", "Aisle": "Bakery", "Sku": "20318061001_EA", "Regular Price": "5.29", "Sale Price": "4.99", "Image": "https://assets.shop.loblaws.ca/products/20318061001/b1/en/front/20318061001_front_a01_@2.png", "Brand": "Silver Hills", "Url": "https://www.maxi.ca/the-big-16/p/20318061001_EA", "Sub Category": null, "English Name": "The Big 16", "Size": "615 g", "Size Label": "ea"}, {"Category": "Bread", "Aisle": "Bakery", "Sku": "21057765_EA", "Regular Price": "None", "Sale Price": "4.49", "Image": "https://assets.shop.loblaws.ca/products/21057765/b1/en/front/21057765_front_a01_@2.png", "Brand": "St Methode", "Url": "https://www.maxi.ca/quinoa-bread/p/21057765_EA", "Sub Category": null, "English Name": "Quinoa Bread", "Size": "550 g", "Size Label": "ea"}, {"Category": "Bread", "Aisle": "Bakery", "Sku": "20159982_EA", "Regular Price": "None", "Sale Price": "4.29", "Image": "https://assets.shop.loblaws.ca/products/20159982/b1/en/front/20159982_front_a01_@2.png", "Brand": "Villaggio", "Url": "https://www.maxi.ca/classico-italian-style-thick-slice-white-bread/p/20159982_EA", "Sub Category": null, "English Name": "Classico Italian Style Thick Slice White Bread", "Size": "675 g", "Size Label": "ea"}, {"Category": "Bread", "Aisle": "Bakery", "Sku": "20880036_EA", "Regular Price": "None", "Sale Price": "4.49", "Image": "https://assets.shop.loblaws.ca/products/20880036/b1/en/front/20880036_front_a01_@2.png", "Brand": "St Methode", "Url": "https://www.maxi.ca/campagnola-sesame-oat-loaf/p/20880036_EA", "Sub Category": null, "English Name": "Campagnola Sesame Oat Loaf", "Size": "650 g", "Size Label": "ea"}, {"Category": "Bread", "Aisle": "Bakery", "Sku": "20106842_EA", "Regular Price": "None", "Sale Price": "7.50", "Image": "https://assets.shop.loblaws.ca/products/20106842/b1/en/front/20106842_front_a01_@2.png", "Brand": "DItaliano", "Url": "https://www.maxi.ca/white-bread-pack-of-2/p/20106842_EA", "Sub Category": null, "English Name": "White Bread, Pack of 2", "Size": "2x675.0 g", "Size Label": "ea"}, {"Category": "Bread", "Aisle": "Bakery", "Sku": "20322326_EA", "Regular Price": "None", "Sale Price": "3.29", "Image": "https://assets.shop.loblaws.ca/products/20322326/b1/en/front/20322326_front_a01_@2.png", "Brand": "DItaliano", "Url": "https://www.maxi.ca/thick-slice-bread-100-whole-wheat/p/20322326_EA", "Sub Category": null, "English Name": "Thick Slice Bread 100% Whole Wheat ", "Size": "675 g", "Size Label": "ea"}, {"Category": "Bread", "Aisle": "Bakery", "Sku": "21517673_EA", "Regular Price": "None", "Sale Price": "4.99", "Image": "https://assets.shop.loblaws.ca/products/21517673/b1/en/front/21517673_front_a01_@2.png", "Brand": "Bon Matin", "Url": "https://www.maxi.ca/artisan-style-rye-bread/p/21517673_EA", "Sub Category": null, "English Name": "Artisan-Style Rye Bread", "Size": "675 g", "Size Label": "ea"}, {"Category": "Bread", "Aisle": "Bakery", "Sku": "20287807_EA", "Regular Price": "None", "Sale Price": "5.75", "Image": "https://assets.shop.loblaws.ca/products/20287807/b1/en/front/20287807_front_a01_@2.png", "Brand": "No Name", "Url": "https://www.maxi.ca/enriched-white-bread-club-size/p/20287807_EA", "Sub Category": null, "English Name": "Enriched White Bread Club Size", "Size": "2x675.0 g", "Size Label": "ea"}, {"Category": "Bread", "Aisle": "Bakery", "Sku": "20162579_EA", "Regular Price": "None", "Sale Price": "3.49", "Image": "https://assets.shop.loblaws.ca/products/20162579/b1/en/front/20162579_front_a01_@2.png", "Brand": "Gadoua", "Url": "https://www.maxi.ca/white-large-sandwich-bread/p/20162579_EA", "Sub Category": null, "English Name": "White Large Sandwich Bread", "Size": "675 g", "Size Label": "ea"}, {"Category": "Bread", "Aisle": "Bakery", "Sku": "20169852_EA", "Regular Price": "None", "Sale Price": "2.99", "Image": "https://assets.shop.loblaws.ca/products/20169852/b1/en/front/20169852_front_a01_@2.png", "Brand": "No Name", "Url": "https://www.maxi.ca/whole-wheat-loaf/p/20169852_EA", "Sub Category": null, "English Name": "Whole Wheat Loaf", "Size": "675 g", "Size Label": "ea"}, {"Category": "Bread", "Aisle": "Bakery", "Sku": "21050280_EA", "Regular Price": "None", "Sale Price": "5.49", "Image": "https://assets.shop.loblaws.ca/products/21050280/b1/en/front/21050280_front_a01_@2.png", "Brand": "President's Choice", "Url": "https://www.maxi.ca/brioche-loaf/p/21050280_EA", "Sub Category": null, "English Name": "Brioche Loaf", "Size": "400 g", "Size Label": "ea"}, {"Category": "Bread", "Aisle": "Bakery", "Sku": "21524889_EA", "Regular Price": "None", "Sale Price": "7.99", "Image": "https://assets.shop.loblaws.ca/products/21524889/b1/en/front/21524889_front_a01_@2.png", "Brand": "Promise Gluten Free", "Url": "https://www.maxi.ca/multigrain-loaf/p/21524889_EA", "Sub Category": null, "English Name": "Multigrain Loaf", "Size": "480 g", "Size Label": "ea"}, {"Category": "Bread", "Aisle": "Bakery", "Sku": "21018897_EA", "Regular Price": "3.59", "Sale Price": "2.99", "Image": "https://assets.shop.loblaws.ca/products/21018897/b1/en/front/21018897_front_a01_@2.png", "Brand": "ACE", "Url": "https://www.maxi.ca/cheddar-onion-demi-baguette/p/21018897_EA", "Sub Category": null, "English Name": "Cheddar & Onion Demi Baguette", "Size": "200 g", "Size Label": "ea"}, {"Category": "Bread", "Aisle": "Bakery", "Sku": "20682493_EA", "Regular Price": "None", "Sale Price": "4.49", "Image": "https://assets.shop.loblaws.ca/products/20682493/b1/en/front/20682493_front_a01_@2.png", "Brand": "President's Choice", "Url": "https://www.maxi.ca/l-europ-enne-light-rye-loaf/p/20682493_EA", "Sub Category": null, "English Name": "\u00c0 L\u2019Europ\u00e9enne Light Rye Loaf", "Size": "480 g", "Size Label": "ea"}, {"Category": "Bread", "Aisle": "Bakery", "Sku": "20155511_EA", "Regular Price": "5.29", "Sale Price": "4.99", "Image": "https://assets.shop.loblaws.ca/products/20155511/b1/en/front/20155511_front_a01_@2.png", "Brand": "Silver Hills", "Url": "https://www.maxi.ca/squirrelly-bread/p/20155511_EA", "Sub Category": null, "English Name": "Squirrelly Bread", "Size": "600 g", "Size Label": "ea"}, {"Category": "Bread", "Aisle": "Bakery", "Sku": "20087780_EA", "Regular Price": "None", "Sale Price": "4.49", "Image": "https://assets.shop.loblaws.ca/products/20087780/b1/en/front/20087780_front_a01_@2.png", "Brand": "St Methode", "Url": "https://www.maxi.ca/plain-multi-cereal-bread-no-fat-no-sugar-added/p/20087780_EA", "Sub Category": null, "English Name": "Plain Multi-Cereal Bread, No Fat & No Sugar Added", "Size": "500 g", "Size Label": "ea"}, {"Category": "Bread", "Aisle": "Bakery", "Sku": "21558002_EA", "Regular Price": "None", "Sale Price": "4.29", "Image": "https://assets.shop.loblaws.ca/products/21558002/b1/en/front/21558002_front_a01_@2.png", "Brand": "St Methode", "Url": "https://www.maxi.ca/le-campagnolo-white-loaf/p/21558002_EA", "Sub Category": null, "English Name": "Le Campagnolo White Loaf", "Size": "650 g", "Size Label": "ea"}, {"Category": "Bread", "Aisle": "Bakery", "Sku": "20300271_EA", "Regular Price": "None", "Sale Price": "7.50", "Image": "https://assets.shop.loblaws.ca/products/20300271/b1/en/front/20300271_front_a01_@2.png", "Brand": "Gadoua", "Url": "https://www.maxi.ca/white-bread-sandwich-club-duo-pack/p/20300271_EA", "Sub Category": null, "English Name": "White Bread Sandwich Club Duo Pack", "Size": "2x675.0 g", "Size Label": "ea"}, {"Category": "Bread", "Aisle": "Bakery", "Sku": "20315894_EA", "Regular Price": "None", "Sale Price": "4.49", "Image": "https://assets.shop.loblaws.ca/products/20315894/b1/en/front/20315894_front_a01_@2.png", "Brand": "St Methode", "Url": "https://www.maxi.ca/100-whole-wheat-bread-no-fat-no-sugar-added/p/20315894_EA", "Sub Category": null, "English Name": "100% Whole Wheat Bread, No Fat & No Sugar Added", "Size": "500 g", "Size Label": "ea"}, {"Category": "Bread", "Aisle": "Bakery", "Sku": "20057507_EA", "Regular Price": "None", "Sale Price": "4.39", "Image": "https://assets.shop.loblaws.ca/products/20057507/b1/en/front/20057507_front_a01_@2.png", "Brand": "POM", "Url": "https://www.maxi.ca/ultra-soft-sandwich-white-bread/p/20057507_EA", "Sub Category": null, "English Name": "Ultra-Soft\u2122 Sandwich White Bread", "Size": "675 g", "Size Label": "ea"}, {"Category": "Bread", "Aisle": "Bakery", "Sku": "20103085_EA", "Regular Price": "None", "Sale Price": "4.49", "Image": "https://assets.shop.loblaws.ca/products/20103085/b1/en/front/20103085_front_a01_@2.png", "Brand": "St Methode", "Url": "https://www.maxi.ca/whole-grain-sprouted-wheat-bread/p/20103085_EA", "Sub Category": null, "English Name": "Whole Grain Sprouted Wheat Bread", "Size": "550 g", "Size Label": "ea"}, {"Category": "Bread", "Aisle": "Bakery", "Sku": "20303808_EA", "Regular Price": "None", "Sale Price": "4.39", "Image": "https://assets.shop.loblaws.ca/products/20303808/b1/en/front/20303808_front_a01_@2.png", "Brand": "POM", "Url": "https://www.maxi.ca/superclub-sandwich-100-whole-grain-wheat-bread/p/20303808_EA", "Sub Category": null, "English Name": "Superclub Sandwich 100% Whole Grain Wheat Bread", "Size": "675 g", "Size Label": "ea"}, {"Category": "Bread", "Aisle": "Bakery", "Sku": "20815867_EA", "Regular Price": "None", "Sale Price": "4.49", "Image": "https://assets.shop.loblaws.ca/products/20815867/b1/en/front/20815867_front_a01_@2.png", "Brand": null, "Url": "https://www.maxi.ca/st-methode-9-grain-bread/p/20815867_EA", "Sub Category": null, "English Name": "St. Methode 9 Grain Bread", "Size": "550 g", "Size Label": "ea"}, {"Category": "Bread", "Aisle": "Bakery", "Sku": "20249544_EA", "Regular Price": "None", "Sale Price": "7.50", "Image": "https://assets.shop.loblaws.ca/products/20249544/b1/en/front/20249544_front_a01_@2.png", "Brand": "DItaliano", "Url": "https://www.maxi.ca/whole-wheat-bread-duo/p/20249544_EA", "Sub Category": null, "English Name": "Whole Wheat Bread Duo", "Size": "2x675.0 g", "Size Label": "ea"}, {"Category": "Bread", "Aisle": "Bakery", "Sku": "21206477_EA", "Regular Price": "None", "Sale Price": "2.00", "Image": "https://assets.shop.loblaws.ca/products/21206477/b1/en/front/21206477_front_a01_@2.png", "Brand": null, "Url": "https://www.maxi.ca/organic-italian-loaf/p/21206477_EA", "Sub Category": null, "English Name": "Organic Italian Loaf", "Size": "380 g", "Size Label": "ea"}, {"Category": "Bread", "Aisle": "Bakery", "Sku": "21116891_EA", "Regular Price": "None", "Sale Price": "0.88", "Image": "https://assets.shop.loblaws.ca/products/21116891/b1/en/front/21116891_front_a01_@2.png", "Brand": null, "Url": "https://www.maxi.ca/harvest-60-whole-wheat-baguette/p/21116891_EA", "Sub Category": null, "English Name": "Harvest 60% Whole Wheat Baguette", "Size": "255 g", "Size Label": "ea"}, {"Category": "Bread", "Aisle": "Bakery", "Sku": "21361140_EA", "Regular Price": "None", "Sale Price": "3.50", "Image": "https://assets.shop.loblaws.ca/products/21361140/b1/en/front/21361140_front_a01_@2.png", "Brand": "No Name", "Url": "https://www.maxi.ca/garlic-toast/p/21361140_EA", "Sub Category": null, "English Name": "Garlic Toast", "Size": "638 g", "Size Label": "ea"}, {"Category": "Bread", "Aisle": "Bakery", "Sku": "21169553_EA", "Regular Price": "None", "Sale Price": "5.29", "Image": "https://assets.shop.loblaws.ca/products/21169553/b1/en/front/21169553_front_a01_@2.png", "Brand": "PC Organics", "Url": "https://www.maxi.ca/organic-100-whole-grain-bread/p/21169553_EA", "Sub Category": null, "English Name": "Organic 100% Whole Grain Bread", "Size": "709 g", "Size Label": "ea"}, {"Category": "Bread", "Aisle": "Bakery", "Sku": "21192729_EA", "Regular Price": "None", "Sale Price": "4.99", "Image": "https://assets.shop.loblaws.ca/products/21192729/b1/en/front/21192729_front_a01_@2.png", "Brand": "LA FOURNEE DOREE", "Url": "https://www.maxi.ca/brioche-hot-dog-rolls/p/21192729_EA", "Sub Category": null, "English Name": "Brioche Hot Dog Rolls", "Size": "16x385.0 g", "Size Label": "ea"}, {"Category": "Bread", "Aisle": "Bakery", "Sku": "21559635_EA", "Regular Price": "None", "Sale Price": "3.39", "Image": "https://assets.shop.loblaws.ca/products/21559635/b1/en/front/21559635_front_a01_@2.png", "Brand": "Dimpflmeier", "Url": "https://www.maxi.ca/prebiotic-multigrain-bread/p/21559635_EA", "Sub Category": null, "English Name": "Prebiotic Multigrain Bread", "Size": "10x454.0 g", "Size Label": "ea"}, {"Category": "Bread", "Aisle": "Bakery", "Sku": "20354849_EA", "Regular Price": "None", "Sale Price": "2.99", "Image": "https://assets.shop.loblaws.ca/products/20354849/b1/en/front/20354849_front_a01_@2.png", "Brand": "ACE", "Url": "https://www.maxi.ca/multigrain-ciabatta-demi/p/20354849_EA", "Sub Category": null, "English Name": "Multigrain Ciabatta Demi", "Size": "275 g", "Size Label": "ea"}, {"Category": "Bread", "Aisle": "Bakery", "Sku": "20833789_EA", "Regular Price": "None", "Sale Price": "3.79", "Image": "https://assets.shop.loblaws.ca/products/20833789/b1/en/front/20833789_front_a01_@2.png", "Brand": "La Baguetterie", "Url": "https://www.maxi.ca/ciabatta-demi/p/20833789_EA", "Sub Category": null, "English Name": "Ciabatta Demi ", "Size": "450 g", "Size Label": "ea"}, {"Category": "Bread", "Aisle": "Bakery", "Sku": "20102967_EA", "Regular Price": "None", "Sale Price": "4.39", "Image": "https://assets.shop.loblaws.ca/products/20102967/b1/en/front/20102967_front_a01_@2.png", "Brand": "POM", "Url": "https://www.maxi.ca/ultra-soft-superclub-sandwich-white-bread/p/20102967_EA", "Sub Category": null, "English Name": "Ultra Soft Superclub Sandwich White Bread", "Size": "675 g", "Size Label": "ea"}, {"Category": "Bread", "Aisle": "Bakery", "Sku": "20308013_EA", "Regular Price": "3.69", "Sale Price": "3.29", "Image": "https://assets.shop.loblaws.ca/products/20308013/b1/en/front/20308013_front_a01_@2.png", "Brand": "DItaliano", "Url": "https://www.maxi.ca/sesame-seed-bread/p/20308013_EA", "Sub Category": null, "English Name": "Sesame Seed Bread", "Size": "675 g", "Size Label": "ea"}, {"Category": "Bread", "Aisle": "Bakery", "Sku": "21433069_EA", "Regular Price": "None", "Sale Price": "3.49", "Image": "https://assets.shop.loblaws.ca/products/21433069/b1/en/front/21433069_front_a01_@2.png", "Brand": "Gadoua", "Url": "https://www.maxi.ca/sandwich-club-white-bread-with-added-oat-hull-fibr/p/21433069_EA", "Sub Category": null, "English Name": "Sandwich Club White Bread With Added Oat Hull Fibre", "Size": "675 g", "Size Label": "ea"}, {"Category": "Bread", "Aisle": "Bakery", "Sku": "21363820_EA", "Regular Price": "None", "Sale Price": "4.49", "Image": "https://assets.shop.loblaws.ca/products/21363820/b1/en/front/21363820_front_a01_@2.png", "Brand": "Bon Matin", "Url": "https://www.maxi.ca/smooth-multigrain-bread/p/21363820_EA", "Sub Category": null, "English Name": "Smooth Multigrain Bread", "Size": "600 g", "Size Label": "ea"}, {"Category": "Bread", "Aisle": "Bakery", "Sku": "20699632_EA", "Regular Price": "None", "Sale Price": "4.79", "Image": "https://assets.shop.loblaws.ca/products/20699632/b1/en/front/20699632_front_a01_@2.png", "Brand": "St Methode", "Url": "https://www.maxi.ca/grandmother-bread/p/20699632_EA", "Sub Category": null, "English Name": "Grandmother Bread", "Size": "600 g", "Size Label": "ea"}, {"Category": "Bread", "Aisle": "Bakery", "Sku": "20762637_EA", "Regular Price": "None", "Sale Price": "7.50", "Image": "https://assets.shop.loblaws.ca/products/20762637/b1/en/front/20762637_front_a01_@2.png", "Brand": "DItaliano", "Url": "https://www.maxi.ca/sesame-seed-bread-duo/p/20762637_EA", "Sub Category": null, "English Name": "Sesame Seed Bread Duo", "Size": "2x675.0 g", "Size Label": "ea"}, {"Category": "Rotisserie & Fried Chicken", "Aisle": "Prepared Meals", "Sku": "21383126_EA", "Regular Price": "None", "Sale Price": "9.99", "Image": "https://assets.shop.loblaws.ca/products/21383126/b1/en/front/21383126_front_a01_@2.png", "Brand": "President's Choice", "Url": "https://www.maxi.ca/seasoned-portuguese-style-whole-chicken/p/21383126_EA", "Sub Category": null, "English Name": "Seasoned Portuguese-Style Whole Chicken", "Size": "800 g", "Size Label": "ea"}, {"Category": "Rotisserie & Fried Chicken", "Aisle": "Prepared Meals", "Sku": "21124515_EA", "Regular Price": "None", "Sale Price": "9.99", "Image": "https://assets.shop.loblaws.ca/products/21124515/b1/en/front/21124515_front_a01_@2.png", "Brand": null, "Url": "https://www.maxi.ca/crispy-9-piece-chicken-strips-after-11am/p/21124515_EA", "Sub Category": null, "English Name": "Crispy 9 Piece Chicken Strips (After 11am)", "Size": "0.86 kg", "Size Label": "ea"}, {"Category": "Salads & Soups", "Aisle": "Prepared Meals", "Sku": "20309160_EA", "Regular Price": "None", "Sale Price": "3.49", "Image": "https://assets.shop.loblaws.ca/products/20309160/b1/en/front/20309160_front_a01_@2.png", "Brand": "Ziggy's", "Url": "https://www.maxi.ca/creamy-green-coleslaw/p/20309160_EA", "Sub Category": null, "English Name": "Creamy Green Coleslaw", "Size": "454 g", "Size Label": "ea"}, {"Category": "Salads & Soups", "Aisle": "Prepared Meals", "Sku": "20311369_EA", "Regular Price": "None", "Sale Price": "3.49", "Image": "https://assets.shop.loblaws.ca/products/20311369/b1/en/front/20311369_front_a01_@2.png", "Brand": "Ziggy's", "Url": "https://www.maxi.ca/macaroni-salad/p/20311369_EA", "Sub Category": null, "English Name": "Macaroni Salad", "Size": "454 g", "Size Label": "ea"}, {"Category": "Salads & Soups", "Aisle": "Prepared Meals", "Sku": "20316256_EA", "Regular Price": "None", "Sale Price": "5.99", "Image": "https://assets.shop.loblaws.ca/products/20316256/b1/en/front/20316256_front_a01_@2.png", "Brand": "Ziggy's", "Url": "https://www.maxi.ca/macaroni-salad/p/20316256_EA", "Sub Category": null, "English Name": "Macaroni Salad", "Size": "1.25 kg", "Size Label": "ea"}, {"Category": "Salads & Soups", "Aisle": "Prepared Meals", "Sku": "20380120_EA", "Regular Price": "5.49", "Sale Price": "3.00", "Image": "https://assets.shop.loblaws.ca/products/20380120/b1/en/front/20380120_front_a01_@2.png", "Brand": "St Hubert", "Url": "https://www.maxi.ca/creamy-coleslaw/p/20380120_EA", "Sub Category": null, "English Name": "Creamy Coleslaw", "Size": "454 g", "Size Label": "ea"}, {"Category": "Salads & Soups", "Aisle": "Prepared Meals", "Sku": "21080776_EA", "Regular Price": "None", "Sale Price": "6.99", "Image": "https://assets.shop.loblaws.ca/products/21080776/b1/en/front/21080776_front_a01_@2.png", "Brand": "From Our Chefs", "Url": "https://www.maxi.ca/broccoli-cheddar/p/21080776_EA", "Sub Category": null, "English Name": "Broccoli Cheddar", "Size": "700 ml", "Size Label": "ea"}, {"Category": "Salads & Soups", "Aisle": "Prepared Meals", "Sku": "20970013_EA", "Regular Price": "None", "Sale Price": "6.99", "Image": "https://assets.shop.loblaws.ca/products/20970013/b1/en/front/20970013_front_a01_@2.png", "Brand": "From Our Chefs", "Url": "https://www.maxi.ca/butternut-squash-maple-soup/p/20970013_EA", "Sub Category": null, "English Name": "Butternut Squash & Maple Soup", "Size": "700 ml", "Size Label": "ea"}, {"Category": "Salads & Soups", "Aisle": "Prepared Meals", "Sku": "21180333_EA", "Regular Price": "None", "Sale Price": "4.29", "Image": "https://assets.shop.loblaws.ca/products/21180333/b1/en/front/21180333_front_a01_@2.png", "Brand": "Clark", "Url": "https://www.maxi.ca/beans-old-fashioned-with-pork/p/21180333_EA", "Sub Category": null, "English Name": "Beans Old Fashioned With Pork", "Size": "400 ml", "Size Label": "ea"}, {"Category": "Salads & Soups", "Aisle": "Prepared Meals", "Sku": "20057215_EA", "Regular Price": "None", "Sale Price": "5.99", "Image": "https://assets.shop.loblaws.ca/products/20057215/b1/en/front/20057215_front_a01_@2.png", "Brand": "Fontaine Sante", "Url": "https://www.maxi.ca/tabbouleh-salad/p/20057215_EA", "Sub Category": null, "English Name": "Tabbouleh Salad", "Size": "350 g", "Size Label": "ea"}, {"Category": "Salads & Soups", "Aisle": "Prepared Meals", "Sku": "20891537_EA", "Regular Price": "None", "Sale Price": "5.79", "Image": "https://assets.shop.loblaws.ca/products/20891537/b1/en/front/20891537_front_a01_@2.png", "Brand": "Plaisirs Gastronomiques", "Url": "https://www.maxi.ca/penne-pesto-salad/p/20891537_EA", "Sub Category": null, "English Name": "Penne & Pesto salad", "Size": "300 g", "Size Label": "ea"}, {"Category": "Salads & Soups", "Aisle": "Prepared Meals", "Sku": "20166973_EA", "Regular Price": "None", "Sale Price": "5.99", "Image": "https://assets.shop.loblaws.ca/products/20166973/b1/en/front/20166973_front_a01_@2.png", "Brand": "Ziggy's", "Url": "https://www.maxi.ca/creamy-green-coleslaw/p/20166973_EA", "Sub Category": null, "English Name": "Creamy Green Coleslaw", "Size": "1.25 kg", "Size Label": "ea"}, {"Category": "Salads & Soups", "Aisle": "Prepared Meals", "Sku": "21180332_EA", "Regular Price": "None", "Sale Price": "4.29", "Image": "https://assets.shop.loblaws.ca/products/21180332/b1/en/front/21180332_front_a01_@2.png", "Brand": "Clark", "Url": "https://www.maxi.ca/maple-syrup-beans/p/21180332_EA", "Sub Category": null, "English Name": "Maple Syrup Beans    ", "Size": "400 ml", "Size Label": "ea"}, {"Category": "Salads & Soups", "Aisle": "Prepared Meals", "Sku": "20892246_EA", "Regular Price": "None", "Sale Price": "5.79", "Image": "https://assets.shop.loblaws.ca/products/20892246/b1/en/front/20892246_front_a01_@2.png", "Brand": "Plaisirs Gastronomiques", "Url": "https://www.maxi.ca/bruschetta/p/20892246_EA", "Sub Category": null, "English Name": "Bruschetta", "Size": "340 g", "Size Label": "ea"}, {"Category": "Salads & Soups", "Aisle": "Prepared Meals", "Sku": "20070122_EA", "Regular Price": "None", "Sale Price": "5.79", "Image": "https://assets.shop.loblaws.ca/products/20070122/b1/en/front/20070122_front_a01_@2.png", "Brand": "Fontaine Sante", "Url": "https://www.maxi.ca/feta-penne-pasta-salad/p/20070122_EA", "Sub Category": null, "English Name": "Feta Penne Pasta Salad", "Size": "350 g", "Size Label": "ea"}, {"Category": "Salads & Soups", "Aisle": "Prepared Meals", "Sku": "20892260_EA", "Regular Price": "None", "Sale Price": "5.79", "Image": "https://assets.shop.loblaws.ca/products/20892260/b1/en/front/20892260_front_a01_@2.png", "Brand": "Plaisirs Gastronomiques", "Url": "https://www.maxi.ca/five-vegetable-couscous-salad/p/20892260_EA", "Sub Category": null, "English Name": "Five Vegetable couscous Salad", "Size": "300 g", "Size Label": "ea"}, {"Category": "Salads & Soups", "Aisle": "Prepared Meals", "Sku": "21180334_EA", "Regular Price": "None", "Sale Price": "4.29", "Image": "https://assets.shop.loblaws.ca/products/21180334/b1/en/front/21180334_front_a01_@2.png", "Brand": "Clark", "Url": "https://www.maxi.ca/beans-country-style-breakfast/p/21180334_EA", "Sub Category": null, "English Name": "Beans Country Style Breakfast", "Size": "400 ml", "Size Label": "ea"}, {"Category": "Salads & Soups", "Aisle": "Prepared Meals", "Sku": "20117734_EA", "Regular Price": "None", "Sale Price": "3.99", "Image": "https://assets.shop.loblaws.ca/products/20117734/b1/en/front/20117734_front_a01_@2.png", "Brand": "Le Maitre Saladier", "Url": "https://www.maxi.ca/vegetarian-beans-club-pack/p/20117734_EA", "Sub Category": null, "English Name": "Vegetarian Beans, Club Pack", "Size": "450 ml", "Size Label": "ea"}, {"Category": "Salads & Soups", "Aisle": "Prepared Meals", "Sku": "20049537_EA", "Regular Price": "None", "Sale Price": "6.79", "Image": "https://assets.shop.loblaws.ca/products/20049537/b1/en/front/20049537_front_a01_@2.png", "Brand": null, "Url": "https://www.maxi.ca/traditional-coleslaw-salad/p/20049537_EA", "Sub Category": null, "English Name": "Traditional Coleslaw Salad", "Size": "908 g", "Size Label": "ea"}, {"Category": "Salads & Soups", "Aisle": "Prepared Meals", "Sku": "20138578_EA", "Regular Price": "None", "Sale Price": "5.99", "Image": "https://assets.shop.loblaws.ca/products/20138578/b1/en/front/20138578_front_a01_@2.png", "Brand": "Fontaine Sante", "Url": "https://www.maxi.ca/royal-couscous-salad/p/20138578_EA", "Sub Category": null, "English Name": "Royal Couscous Salad", "Size": "350 g", "Size Label": "ea"}, {"Category": "Salads & Soups", "Aisle": "Prepared Meals", "Sku": "20071017_EA", "Regular Price": "None", "Sale Price": "6.79", "Image": "https://assets.shop.loblaws.ca/products/20071017/b1/en/front/20071017_front_a01_@2.png", "Brand": null, "Url": "https://www.maxi.ca/macaroni-salad/p/20071017_EA", "Sub Category": null, "English Name": "Macaroni Salad", "Size": "908 g", "Size Label": "ea"}, {"Category": "Salads & Soups", "Aisle": "Prepared Meals", "Sku": "20064399_EA", "Regular Price": "None", "Sale Price": "5.79", "Image": "https://assets.shop.loblaws.ca/products/20064399/b1/en/front/20064399_front_a01_@2.png", "Brand": "Fontaine Sante", "Url": "https://www.maxi.ca/couscous-salad/p/20064399_EA", "Sub Category": null, "English Name": "Couscous Salad", "Size": "375 g", "Size Label": "ea"}, {"Category": "Salads & Soups", "Aisle": "Prepared Meals", "Sku": "21180336_EA", "Regular Price": "None", "Sale Price": "4.29", "Image": "https://assets.shop.loblaws.ca/products/21180336/b1/en/front/21180336_front_a01_@2.png", "Brand": "Clark", "Url": "https://www.maxi.ca/maple-syrup-and-ham-beans/p/21180336_EA", "Sub Category": null, "English Name": "Maple Syrup and Ham Beans", "Size": "400 ml", "Size Label": "ea"}, {"Category": "Salads & Soups", "Aisle": "Prepared Meals", "Sku": "20133253_EA", "Regular Price": "None", "Sale Price": "4.29", "Image": "https://assets.shop.loblaws.ca/products/20133253/b1/en/front/20133253_front_a01_@2.png", "Brand": null, "Url": "https://www.maxi.ca/salad-traditionnal-coleslaw/p/20133253_EA", "Sub Category": null, "English Name": "Salad Traditionnal Coleslaw", "Size": "454 g", "Size Label": "ea"}, {"Category": "Salads & Soups", "Aisle": "Prepared Meals", "Sku": "20892331_EA", "Regular Price": "None", "Sale Price": "5.79", "Image": "https://assets.shop.loblaws.ca/products/20892331/b1/en/front/20892331_front_a01_@2.png", "Brand": "Plaisirs Gastronomiques", "Url": "https://www.maxi.ca/citrus-cranberry-couscous-salad/p/20892331_EA", "Sub Category": null, "English Name": "Citrus & Cranberry couscous Salad", "Size": "300 g", "Size Label": "ea"}, {"Category": "Salads & Soups", "Aisle": "Prepared Meals", "Sku": "20131423_EA", "Regular Price": "None", "Sale Price": "4.19", "Image": "https://assets.shop.loblaws.ca/products/20131423/b1/en/front/20131423_front_a01_@2.png", "Brand": "Le Maitre Saladier", "Url": "https://www.maxi.ca/table-beans-maple-syrup/p/20131423_EA", "Sub Category": null, "English Name": "\u00c0 Table! Beans Maple Syrup", "Size": "450 ml", "Size Label": "ea"}, {"Category": "Salads & Soups", "Aisle": "Prepared Meals", "Sku": "20892682_EA", "Regular Price": "None", "Sale Price": "5.79", "Image": "https://assets.shop.loblaws.ca/products/20892682/b1/en/front/20892682_front_a01_@2.png", "Brand": "Plaisirs Gastronomiques", "Url": "https://www.maxi.ca/chicken-couscous-salad/p/20892682_EA", "Sub Category": null, "English Name": "Chicken couscous Salad", "Size": "300 g", "Size Label": "ea"}, {"Category": "Salads & Soups", "Aisle": "Prepared Meals", "Sku": "20763097_EA", "Regular Price": "None", "Sale Price": "8.79", "Image": "https://assets.shop.loblaws.ca/products/20763097/b1/en/front/20763097_front_a01_@2.png", "Brand": "Plaisirs Gastronomiques", "Url": "https://www.maxi.ca/old-fashioned-ham-salad-spread/p/20763097_EA", "Sub Category": null, "English Name": "Old-fashioned ham salad spread", "Size": "360 g", "Size Label": "ea"}, {"Category": "Salads & Soups", "Aisle": "Prepared Meals", "Sku": "21118298_EA", "Regular Price": "None", "Sale Price": "6.99", "Image": "https://assets.shop.loblaws.ca/products/21118298/b1/en/front/21118298_front_a01_@2.png", "Brand": "From Our Chefs", "Url": "https://www.maxi.ca/chicken-thai-soup/p/21118298_EA", "Sub Category": null, "English Name": "Chicken Thai Soup", "Size": "700 ml", "Size Label": "ea"}, {"Category": "Salads & Soups", "Aisle": "Prepared Meals", "Sku": "20380285_EA", "Regular Price": "5.49", "Sale Price": "3.00", "Image": "https://assets.shop.loblaws.ca/products/20380285/b1/en/front/20380285_front_a01_@2.png", "Brand": "St Hubert", "Url": "https://www.maxi.ca/traditional-coleslaw/p/20380285_EA", "Sub Category": null, "English Name": "Traditional Coleslaw", "Size": "454 g", "Size Label": "ea"}, {"Category": "Salads & Soups", "Aisle": "Prepared Meals", "Sku": "20969423_EA", "Regular Price": "None", "Sale Price": "6.99", "Image": "https://assets.shop.loblaws.ca/products/20969423/b1/en/front/20969423_front_a01_@2.png", "Brand": "From Our Chefs", "Url": "https://www.maxi.ca/roasted-red-pepper-gouda/p/20969423_EA", "Sub Category": null, "English Name": "Roasted Red Pepper & Gouda", "Size": "700 ml", "Size Label": "ea"}, {"Category": "Salads & Soups", "Aisle": "Prepared Meals", "Sku": "20148243_EA", "Regular Price": "None", "Sale Price": "4.29", "Image": "https://assets.shop.loblaws.ca/products/20148243/b1/en/front/20148243_front_a01_@2.png", "Brand": null, "Url": "https://www.maxi.ca/macaroni-salad/p/20148243_EA", "Sub Category": null, "English Name": "Macaroni Salad     ", "Size": "454 g", "Size Label": "ea"}, {"Category": "Salads & Soups", "Aisle": "Prepared Meals", "Sku": "20970016_EA", "Regular Price": "None", "Sale Price": "6.99", "Image": "https://assets.shop.loblaws.ca/products/20970016/b1/en/front/20970016_front_a01_@2.png", "Brand": "From Our Chefs", "Url": "https://www.maxi.ca/chicken-noodle-soup/p/20970016_EA", "Sub Category": null, "English Name": "Chicken Noodle Soup", "Size": "700 ml", "Size Label": "ea"}, {"Category": "Salads & Soups", "Aisle": "Prepared Meals", "Sku": "20654217_EA", "Regular Price": "None", "Sale Price": "8.49", "Image": "https://assets.shop.loblaws.ca/products/20654217/b1/en/front/20654217_front_a01_@2.png", "Brand": "Plaisirs", "Url": "https://www.maxi.ca/chunky-chicken-salad-spread/p/20654217_EA", "Sub Category": null, "English Name": "Chunky chicken salad spread", "Size": "350 g", "Size Label": "ea"}, {"Category": "Salads & Soups", "Aisle": "Prepared Meals", "Sku": "20763094_EA", "Regular Price": "None", "Sale Price": "8.49", "Image": "https://assets.shop.loblaws.ca/products/20763094/b1/en/front/20763094_front_a01_@2.png", "Brand": "Plaisirs Gastronomiques", "Url": "https://www.maxi.ca/chicken-salad-spread/p/20763094_EA", "Sub Category": null, "English Name": "Chicken salad spread", "Size": "360 g", "Size Label": "ea"}, {"Category": "Salads & Soups", "Aisle": "Prepared Meals", "Sku": "20763092_EA", "Regular Price": "None", "Sale Price": "8.49", "Image": "https://assets.shop.loblaws.ca/products/20763092/b1/en/front/20763092_front_a01_@2.png", "Brand": "Plaisirs Gastronomiques", "Url": "https://www.maxi.ca/chicken-cranberry-salad-spread/p/20763092_EA", "Sub Category": null, "English Name": "Chicken & Cranberry salad spread", "Size": "360 g", "Size Label": "ea"}, {"Category": "Salads & Soups", "Aisle": "Prepared Meals", "Sku": "20024812_EA", "Regular Price": "None", "Sale Price": "3.99", "Image": "https://assets.shop.loblaws.ca/products/20024812/b1/en/front/20024812_front_a01_@2.png", "Brand": "Le Maitre Saladier", "Url": "https://www.maxi.ca/baked-beans/p/20024812_EA", "Sub Category": null, "English Name": "Baked Beans", "Size": "450 ml", "Size Label": "ea"}, {"Category": "Entrees & Appetizers", "Aisle": "Prepared Meals", "Sku": "20904594_EA", "Regular Price": "None", "Sale Price": "6.00", "Image": "https://assets.shop.loblaws.ca/products/20904594/b1/en/front/20904594_front_a01_@2.png", "Brand": "Brar's", "Url": "https://www.maxi.ca/vegetable-samosa-6-pack-after-11am/p/20904594_EA", "Sub Category": null, "English Name": "Vegetable Samosa 6 Pack (After 11am)", "Size": "120 g", "Size Label": "ea"}, {"Category": "Entrees & Appetizers", "Aisle": "Prepared Meals", "Sku": "20096295_EA", "Regular Price": "None", "Sale Price": "5.99", "Image": "https://assets.shop.loblaws.ca/products/20096295/b1/en/front/20096295_front_a01_@2.png", "Brand": "Fontaine Sante", "Url": "https://www.maxi.ca/3-lentil-and-cranberry-salad/p/20096295_EA", "Sub Category": null, "English Name": "3 Lentil And Cranberry Salad    ", "Size": "400 g", "Size Label": "ea"}, {"Category": "Entrees & Appetizers", "Aisle": "Prepared Meals", "Sku": "20935025_EA", "Regular Price": "None", "Sale Price": "6.49", "Image": "https://assets.shop.loblaws.ca/products/20935025/b1/en/front/20935025_front_a01_@2.png", "Brand": "Commensal", "Url": "https://www.maxi.ca/broccoli-soup/p/20935025_EA", "Sub Category": null, "English Name": "Broccoli Soup", "Size": "600 ml", "Size Label": "ea"}, {"Category": "Entrees & Appetizers", "Aisle": "Prepared Meals", "Sku": "21359654_EA", "Regular Price": "None", "Sale Price": "6.29", "Image": "https://assets.shop.loblaws.ca/products/21359654/b1/en/front/21359654_front_a01_@2.png", "Brand": null, "Url": "https://www.maxi.ca/prepared-meals-lasagna/p/21359654_EA", "Sub Category": null, "English Name": "Prepared Meals Lasagna", "Size": "350 g", "Size Label": "ea"}, {"Category": "Entrees & Appetizers", "Aisle": "Prepared Meals", "Sku": "21359657_EA", "Regular Price": "None", "Sale Price": "6.29", "Image": "https://assets.shop.loblaws.ca/products/21359657/b1/en/front/21359657_front_a01_@2.png", "Brand": null, "Url": "https://www.maxi.ca/prepared-meals-spaghetti-with-meat-sauce/p/21359657_EA", "Sub Category": null, "English Name": "Prepared Meals Spaghetti With Meat Sauce", "Size": "400 g", "Size Label": "ea"}, {"Category": "Entrees & Appetizers", "Aisle": "Prepared Meals", "Sku": "20109704_EA", "Regular Price": "None", "Sale Price": "5.99", "Image": "https://assets.shop.loblaws.ca/products/20109704/b1/en/front/20109704_front_a01_@2.png", "Brand": "MinCavi", "Url": "https://www.maxi.ca/cabbage-rolls-with-vegetable-pur-e-after-11am/p/20109704_EA", "Sub Category": null, "English Name": "Cabbage Rolls with Vegetable Pur\u00e9e  (After 11am)", "Size": "340 g", "Size Label": "ea"}, {"Category": "Entrees & Appetizers", "Aisle": "Prepared Meals", "Sku": "20934698_EA", "Regular Price": "None", "Sale Price": "7.48", "Image": "https://assets.shop.loblaws.ca/products/20934698/b1/en/front/20934698_front_a01_@2.png", "Brand": "Commensal", "Url": "https://www.maxi.ca/chili-original/p/20934698_EA", "Sub Category": null, "English Name": "Chili Original ", "Size": "500 ml", "Size Label": "ea"}, {"Category": "Entrees & Appetizers", "Aisle": "Prepared Meals", "Sku": "20933454_EA", "Regular Price": "None", "Sale Price": "6.49", "Image": "https://assets.shop.loblaws.ca/products/20933454/b1/en/front/20933454_front_a01_@2.png", "Brand": "Commensal", "Url": "https://www.maxi.ca/vegetable-soup/p/20933454_EA", "Sub Category": null, "English Name": "Vegetable Soup", "Size": "600 ml", "Size Label": "ea"}, {"Category": "Entrees & Appetizers", "Aisle": "Prepared Meals", "Sku": "21359673_EA", "Regular Price": "None", "Sale Price": "6.29", "Image": "https://assets.shop.loblaws.ca/products/21359673/b1/en/front/21359673_front_a01_@2.png", "Brand": null, "Url": "https://www.maxi.ca/prepared-meals-chinese-chicken-noodles/p/21359673_EA", "Sub Category": null, "English Name": "Prepared Meals Chinese Chicken Noodles", "Size": "300 g", "Size Label": "ea"}, {"Category": "Entrees & Appetizers", "Aisle": "Prepared Meals", "Sku": "20773928_EA", "Regular Price": "None", "Sale Price": "5.99", "Image": "https://assets.loblaws.ca/pcx_bronx_fe_assets/images/common/coming-soon-en-web.png", "Brand": null, "Url": "https://www.maxi.ca/min-avibravodeli-scallop-st-jacques/p/20773928_EA", "Sub Category": null, "English Name": "Min\u00e7aviBravodeli Scallop St-Jacques", "Size": "300 g", "Size Label": "ea"}, {"Category": "Entrees & Appetizers", "Aisle": "Prepared Meals", "Sku": "20071618_EA", "Regular Price": "None", "Sale Price": "5.99", "Image": "https://assets.shop.loblaws.ca/products/20071618/b1/en/front/20071618_front_a01_@2.png", "Brand": "MinCavi", "Url": "https://www.maxi.ca/meat-lasagna-after-11am/p/20071618_EA", "Sub Category": null, "English Name": "Meat Lasagna  (After 11am)", "Size": "350 g", "Size Label": "ea"}, {"Category": "Entrees & Appetizers", "Aisle": "Prepared Meals", "Sku": "20136704_EA", "Regular Price": "None", "Sale Price": "5.99", "Image": "https://assets.shop.loblaws.ca/products/20136704/b1/en/front/20136704_front_a01_@2.png", "Brand": "MinCavi", "Url": "https://www.maxi.ca/meat-loaf-with-vegetable-pur-e-after-11am/p/20136704_EA", "Sub Category": null, "English Name": "Meat Loaf with Vegetable Pur\u00e9e  (After 11am)", "Size": "325 g", "Size Label": "ea"}, {"Category": "Entrees & Appetizers", "Aisle": "Prepared Meals", "Sku": "20012350_EA", "Regular Price": "None", "Sale Price": "5.99", "Image": "https://assets.shop.loblaws.ca/products/20012350/b1/en/front/20012350_front_a01_@2.png", "Brand": "MinCavi", "Url": "https://www.maxi.ca/vegetable-lasagna-after-11am/p/20012350_EA", "Sub Category": null, "English Name": "Vegetable Lasagna  (After 11am)", "Size": "350 g", "Size Label": "ea"}, {"Category": "Entrees & Appetizers", "Aisle": "Prepared Meals", "Sku": "21359775_EA", "Regular Price": "None", "Sale Price": "6.29", "Image": "https://assets.shop.loblaws.ca/products/21359775/b1/en/front/21359775_front_a01_@2.png", "Brand": null, "Url": "https://www.maxi.ca/prepared-meals-beef-with-vegetables/p/21359775_EA", "Sub Category": null, "English Name": "Prepared Meals Beef With Vegetables", "Size": "325 g", "Size Label": "ea"}, {"Category": "Entrees & Appetizers", "Aisle": "Prepared Meals", "Sku": "21359652_EA", "Regular Price": "None", "Sale Price": "6.29", "Image": "https://assets.shop.loblaws.ca/products/21359652/b1/en/front/21359652_front_a01_@2.png", "Brand": null, "Url": "https://www.maxi.ca/prepared-meals-oriental-chicken-dish/p/21359652_EA", "Sub Category": null, "English Name": "Prepared Meals Oriental Chicken Dish", "Size": "300 g", "Size Label": "ea"}, {"Category": "Entrees & Appetizers", "Aisle": "Prepared Meals", "Sku": "20069151_EA", "Regular Price": "None", "Sale Price": "5.99", "Image": "https://assets.shop.loblaws.ca/products/20069151/b1/en/front/20069151_front_a01_@2.png", "Brand": "MinCavi", "Url": "https://www.maxi.ca/vegetables-au-gratin-after-11am/p/20069151_EA", "Sub Category": null, "English Name": "Vegetables Au Gratin   (After 11am)", "Size": "300 g", "Size Label": "ea"}, {"Category": "Entrees & Appetizers", "Aisle": "Prepared Meals", "Sku": "20185255_EA", "Regular Price": "None", "Sale Price": "5.99", "Image": "https://assets.shop.loblaws.ca/products/20185255/b1/en/front/20185255_front_a01_@2.png", "Brand": "MinCavi", "Url": "https://www.maxi.ca/seafood-lasagna/p/20185255_EA", "Sub Category": null, "English Name": "Seafood Lasagna", "Size": "300 g", "Size Label": "ea"}, {"Category": "Entrees & Appetizers", "Aisle": "Prepared Meals", "Sku": "20935024_EA", "Regular Price": "None", "Sale Price": "6.49", "Image": "https://assets.shop.loblaws.ca/products/20935024/b1/en/front/20935024_front_a01_@2.png", "Brand": "Commensal", "Url": "https://www.maxi.ca/butternut-squash-soup/p/20935024_EA", "Sub Category": null, "English Name": "Butternut Squash Soup", "Size": "600 ml", "Size Label": "ea"}, {"Category": "Entrees & Appetizers", "Aisle": "Prepared Meals", "Sku": "20935123_EA", "Regular Price": "None", "Sale Price": "6.49", "Image": "https://assets.shop.loblaws.ca/products/20935123/b1/en/front/20935123_front_a01_@2.png", "Brand": "Commensal", "Url": "https://www.maxi.ca/soup-pea/p/20935123_EA", "Sub Category": null, "English Name": "Soup Pea", "Size": "600 ml", "Size Label": "ea"}, {"Category": "Entrees & Appetizers", "Aisle": "Prepared Meals", "Sku": "20935096_EA", "Regular Price": "None", "Sale Price": "6.49", "Image": "https://assets.shop.loblaws.ca/products/20935096/b1/en/front/20935096_front_a01_@2.png", "Brand": "Commensal", "Url": "https://www.maxi.ca/vegetable-soup/p/20935096_EA", "Sub Category": null, "English Name": "Vegetable Soup", "Size": "600 ml", "Size Label": "ea"}, {"Category": "Entrees & Appetizers", "Aisle": "Prepared Meals", "Sku": "20935023_EA", "Regular Price": "None", "Sale Price": "6.49", "Image": "https://assets.shop.loblaws.ca/products/20935023/b1/en/front/20935023_front_a01_@2.png", "Brand": "Commensal", "Url": "https://www.maxi.ca/carrot-soup/p/20935023_EA", "Sub Category": null, "English Name": "Carrot Soup", "Size": "600 ml", "Size Label": "ea"}, {"Category": "Quiches & Pies", "Aisle": "Prepared Meals", "Sku": "21050852_EA", "Regular Price": "3.49", "Sale Price": "3.00", "Image": "https://assets.shop.loblaws.ca/products/21050852/b1/en/front/21050852_front_a01_@2.png", "Brand": "St Hubert", "Url": "https://www.maxi.ca/chicken-pot-pie/p/21050852_EA", "Sub Category": null, "English Name": "Chicken Pot Pie", "Size": "235 g", "Size Label": "ea"}, {"Category": "Quiches & Pies", "Aisle": "Prepared Meals", "Sku": "21050848_EA", "Regular Price": "3.49", "Sale Price": "3.00", "Image": "https://assets.shop.loblaws.ca/products/21050848/b1/en/front/21050848_front_a01_@2.png", "Brand": "St Hubert", "Url": "https://www.maxi.ca/tourti-re/p/21050848_EA", "Sub Category": null, "English Name": "Tourti\u00e8re ", "Size": "235 g", "Size Label": "ea"}, {"Category": "Quiches & Pies", "Aisle": "Prepared Meals", "Sku": "21237549_EA", "Regular Price": "3.49", "Sale Price": "3.00", "Image": "https://assets.shop.loblaws.ca/products/21237549/b1/en/front/21237549_front_a01_@2.png", "Brand": "St Hubert", "Url": "https://www.maxi.ca/lorraine-quiche-235-g/p/21237549_EA", "Sub Category": null, "English Name": "Lorraine Quiche 235 g", "Size": "235 g", "Size Label": "ea"}, {"Category": "Quiches & Pies", "Aisle": "Prepared Meals", "Sku": "21220490_EA", "Regular Price": "None", "Sale Price": "3.79", "Image": "https://assets.shop.loblaws.ca/products/21220490/b1/en/front/21220490_front_a01_@2.png", "Brand": "St Hubert", "Url": "https://www.maxi.ca/chicken-broccoli-gratin-235-g/p/21220490_EA", "Sub Category": null, "English Name": "Chicken & Broccoli Gratin 235 g", "Size": "235 g", "Size Label": "ea"}, {"Category": "Quiches & Pies", "Aisle": "Prepared Meals", "Sku": "21024912_EA", "Regular Price": "None", "Sale Price": "9.79", "Image": "https://assets.shop.loblaws.ca/products/21024912/b1/en/front/21024912_front_a01_@2.png", "Brand": "St Hubert", "Url": "https://www.maxi.ca/fresh-chicken-pie/p/21024912_EA", "Sub Category": null, "English Name": "Fresh Chicken Pie ", "Size": "645 g", "Size Label": "ea"}, {"Category": "Quiches & Pies", "Aisle": "Prepared Meals", "Sku": "20089247_EA", "Regular Price": "None", "Sale Price": "8.99", "Image": "https://assets.shop.loblaws.ca/products/20089247/b1/en/front/20089247_front_a01_@2.png", "Brand": "PG", "Url": "https://www.maxi.ca/pork-beef-meat-pie/p/20089247_EA", "Sub Category": null, "English Name": "Pork Beef Meat Pie ", "Size": "585 g", "Size Label": "ea"}, {"Category": "Quiches & Pies", "Aisle": "Prepared Meals", "Sku": "20165287_EA", "Regular Price": "None", "Sale Price": "8.99", "Image": "https://assets.shop.loblaws.ca/products/20165287/b1/en/front/20165287_front_a01_@2.png", "Brand": "PG", "Url": "https://www.maxi.ca/chicken-pie/p/20165287_EA", "Sub Category": null, "English Name": "Chicken Pie ", "Size": "585 g", "Size Label": "ea"}, {"Category": "Quiches & Pies", "Aisle": "Prepared Meals", "Sku": "21024909_EA", "Regular Price": "None", "Sale Price": "9.79", "Image": "https://assets.shop.loblaws.ca/products/21024909/b1/en/front/21024909_front_a01_@2.png", "Brand": "St Hubert", "Url": "https://www.maxi.ca/tourti-re/p/21024909_EA", "Sub Category": null, "English Name": "Tourti\u00e8re  ", "Size": "610 g", "Size Label": "ea"}, {"Category": "Quiches & Pies", "Aisle": "Prepared Meals", "Sku": "20013003_EA", "Regular Price": "None", "Sale Price": "8.99", "Image": "https://assets.shop.loblaws.ca/products/20013003/b1/en/front/20013003_front_a01_@2.png", "Brand": "PG", "Url": "https://www.maxi.ca/pie-pacific-salmon/p/20013003_EA", "Sub Category": null, "English Name": "Pie Pacific Salmon ", "Size": "585 g", "Size Label": "ea"}, {"Category": "Quiches & Pies", "Aisle": "Prepared Meals", "Sku": "20135532_EA", "Regular Price": "None", "Sale Price": "8.99", "Image": "https://assets.shop.loblaws.ca/products/20135532/b1/en/front/20135532_front_a01_@2.png", "Brand": "PG", "Url": "https://www.maxi.ca/lorraine-quiche/p/20135532_EA", "Sub Category": null, "English Name": "Lorraine Quiche ", "Size": "575 g", "Size Label": "ea"}, {"Category": "Quiches & Pies", "Aisle": "Prepared Meals", "Sku": "20112705_EA", "Regular Price": "None", "Sale Price": "13.99", "Image": "https://assets.shop.loblaws.ca/products/20112705/b1/en/front/20112705_front_a01_@2.png", "Brand": "Plaisirs", "Url": "https://www.maxi.ca/meat-pie/p/20112705_EA", "Sub Category": null, "English Name": "Meat Pie ", "Size": "1.25 kg", "Size Label": "ea"}, {"Category": "Quiches & Pies", "Aisle": "Prepared Meals", "Sku": "20189602_EA", "Regular Price": "None", "Sale Price": "13.99", "Image": "https://assets.shop.loblaws.ca/products/20189602/b1/en/front/20189602_front_a01_@2.png", "Brand": "Plaisirs", "Url": "https://www.maxi.ca/chicken-pie/p/20189602_EA", "Sub Category": null, "English Name": "Chicken Pie ", "Size": "1.25 kg", "Size Label": "ea"}, {"Category": "Quiches & Pies", "Aisle": "Prepared Meals", "Sku": "20079589_EA", "Regular Price": "None", "Sale Price": "8.99", "Image": "https://assets.shop.loblaws.ca/products/20079589/b1/en/front/20079589_front_a01_@2.png", "Brand": "PG", "Url": "https://www.maxi.ca/ham-cheese-feuillete/p/20079589_EA", "Sub Category": null, "English Name": "Ham Cheese Feuillete ", "Size": "540 g", "Size Label": "ea"}, {"Category": "Quiches & Pies", "Aisle": "Prepared Meals", "Sku": "20055819_EA", "Regular Price": "None", "Sale Price": "8.99", "Image": "https://assets.shop.loblaws.ca/products/20055819/b1/en/front/20055819_front_a01_@2.png", "Brand": "PG", "Url": "https://www.maxi.ca/spinach-quiche/p/20055819_EA", "Sub Category": null, "English Name": "Spinach Quiche ", "Size": "550 g", "Size Label": "ea"}, {"Category": "Quiches & Pies", "Aisle": "Prepared Meals", "Sku": "20053999_EA", "Regular Price": "None", "Sale Price": "4.99", "Image": "https://assets.shop.loblaws.ca/products/20053999/b1/en/front/20053999_front_a01_@2.png", "Brand": "PG", "Url": "https://www.maxi.ca/chicken-pot-pie/p/20053999_EA", "Sub Category": null, "English Name": "Chicken Pot Pie ", "Size": "275 g", "Size Label": "ea"}, {"Category": "Quiches & Pies", "Aisle": "Prepared Meals", "Sku": "20117975_EA", "Regular Price": "None", "Sale Price": "4.99", "Image": "https://assets.shop.loblaws.ca/products/20117975/b1/en/front/20117975_front_a01_@2.png", "Brand": "PG", "Url": "https://www.maxi.ca/salmon-pot-pie/p/20117975_EA", "Sub Category": null, "English Name": "Salmon Pot Pie ", "Size": "275 g", "Size Label": "ea"}, {"Category": "Quiches & Pies", "Aisle": "Prepared Meals", "Sku": "21359646_EA", "Regular Price": "None", "Sale Price": "8.49", "Image": "https://assets.shop.loblaws.ca/products/21359646/b1/en/front/21359646_front_a01_@2.png", "Brand": null, "Url": "https://www.maxi.ca/salmon-pie/p/21359646_EA", "Sub Category": null, "English Name": "Salmon Pie ", "Size": "500 g", "Size Label": "ea"}, {"Category": "Quiches & Pies", "Aisle": "Prepared Meals", "Sku": "20164942_EA", "Regular Price": "None", "Sale Price": "5.99", "Image": "https://assets.shop.loblaws.ca/products/20164942/b1/en/front/20164942_front_a01_@2.png", "Brand": "MinCavi", "Url": "https://www.maxi.ca/bravodeli-pie-chicken/p/20164942_EA", "Sub Category": null, "English Name": "Bravodeli Pie Chicken", "Size": "350 g", "Size Label": "ea"}, {"Category": "Quiches & Pies", "Aisle": "Prepared Meals", "Sku": "21359661_EA", "Regular Price": "None", "Sale Price": "6.79", "Image": "https://assets.shop.loblaws.ca/products/21359661/b1/en/front/21359661_front_a01_@2.png", "Brand": null, "Url": "https://www.maxi.ca/prepared-meals-macaroni-with-meat-sauce-and-chedda/p/21359661_EA", "Sub Category": null, "English Name": "Prepared Meals Macaroni With Meat Sauce And Cheddar Cheese", "Size": "350 g", "Size Label": "ea"}, {"Category": "Quiches & Pies", "Aisle": "Prepared Meals", "Sku": "21359650_EA", "Regular Price": "None", "Sale Price": "6.99", "Image": "https://assets.shop.loblaws.ca/products/21359650/b1/en/front/21359650_front_a01_@2.png", "Brand": null, "Url": "https://www.maxi.ca/prepared-meals-shepherd-s-pie/p/21359650_EA", "Sub Category": null, "English Name": "Prepared Meals Shepherd'S Pie", "Size": "350 g", "Size Label": "ea"}, {"Category": "Quiches & Pies", "Aisle": "Prepared Meals", "Sku": "21360097_EA", "Regular Price": "None", "Sale Price": "6.29", "Image": "https://assets.shop.loblaws.ca/products/21360097/b1/en/front/21360097_front_a01_@2.png", "Brand": null, "Url": "https://www.maxi.ca/prepared-meals-traditional-layered-meat-pie/p/21360097_EA", "Sub Category": null, "English Name": "Prepared Meals Traditional Layered Meat Pie", "Size": "350 g", "Size Label": "ea"}, {"Category": "Quiches & Pies", "Aisle": "Prepared Meals", "Sku": "21359648_EA", "Regular Price": "None", "Sale Price": "8.49", "Image": "https://assets.shop.loblaws.ca/products/21359648/b1/en/front/21359648_front_a01_@2.png", "Brand": null, "Url": "https://www.maxi.ca/meat-pie/p/21359648_EA", "Sub Category": null, "English Name": "Meat Pie ", "Size": "500 g", "Size Label": "ea"}, {"Category": "Quiches & Pies", "Aisle": "Prepared Meals", "Sku": "21359644_EA", "Regular Price": "None", "Sale Price": "8.49", "Image": "https://assets.shop.loblaws.ca/products/21359644/b1/en/front/21359644_front_a01_@2.png", "Brand": null, "Url": "https://www.maxi.ca/chicken-pie/p/21359644_EA", "Sub Category": null, "English Name": "Chicken Pie ", "Size": "500 g", "Size Label": "ea"}, {"Category": "Quiches & Pies", "Aisle": "Prepared Meals", "Sku": "20773932_EA", "Regular Price": "None", "Sale Price": "5.99", "Image": "https://assets.shop.loblaws.ca/products/20773932/b1/en/front/20773932_front_a01_@2.png", "Brand": "MinCavi", "Url": "https://www.maxi.ca/bravodeli-pie-mexican/p/20773932_EA", "Sub Category": null, "English Name": "Bravodeli Pie Mexican", "Size": "275 g", "Size Label": "ea"}, {"Category": "Quiches & Pies", "Aisle": "Prepared Meals", "Sku": "21354740_EA", "Regular Price": "None", "Sale Price": "9.79", "Image": "https://assets.shop.loblaws.ca/products/21354740/b1/en/front/21354740_front_a01_@2.png", "Brand": "St Hubert", "Url": "https://www.maxi.ca/veggie-chicken-and-broccoli-gratin-meatless/p/21354740_EA", "Sub Category": null, "English Name": "Veggie \"Chicken\" and Broccoli Gratin Meatless ", "Size": "575 g", "Size Label": "ea"}, {"Category": "Sandwiches", "Aisle": "Prepared Meals", "Sku": "21359609_EA", "Regular Price": "None", "Sale Price": "9.99", "Image": "https://assets.shop.loblaws.ca/products/21359609/b1/en/front/21359609_front_a01_@2.png", "Brand": null, "Url": "https://www.maxi.ca/submarines/p/21359609_EA", "Sub Category": null, "English Name": "Submarines", "Size": "720 g", "Size Label": "ea"}, {"Category": "Sandwiches", "Aisle": "Prepared Meals", "Sku": "21372970_EA", "Regular Price": "None", "Sale Price": "9.99", "Image": "https://assets.shop.loblaws.ca/products/21372970/b1/en/front/21372970_front_a01_@2.png", "Brand": null, "Url": "https://www.maxi.ca/pizza-submarines/p/21372970_EA", "Sub Category": null, "English Name": "Pizza Submarines ", "Size": "720 g", "Size Label": "ea"}, {"Category": "Sandwiches", "Aisle": "Prepared Meals", "Sku": "21372918_EA", "Regular Price": "None", "Sale Price": "5.99", "Image": "https://assets.shop.loblaws.ca/products/21372918/b1/en/front/21372918_front_a01_@2.png", "Brand": null, "Url": "https://www.maxi.ca/mini-submarines/p/21372918_EA", "Sub Category": null, "English Name": "Mini Submarines ", "Size": "350 g", "Size Label": "ea"}, {"Category": "Sandwiches", "Aisle": "Prepared Meals", "Sku": "21359544_EA", "Regular Price": "None", "Sale Price": "4.29", "Image": "https://assets.shop.loblaws.ca/products/21359544/b1/en/front/21359544_front_a01_@2.png", "Brand": null, "Url": "https://www.maxi.ca/french-style-macaroni-salad/p/21359544_EA", "Sub Category": null, "English Name": "French Style Macaroni Salad ", "Size": "275 g", "Size Label": "ea"}, {"Category": "Sandwiches", "Aisle": "Prepared Meals", "Sku": "21359777_EA", "Regular Price": "None", "Sale Price": "4.29", "Image": "https://assets.shop.loblaws.ca/products/21359777/b1/en/front/21359777_front_a01_@2.png", "Brand": null, "Url": "https://www.maxi.ca/sandwich-egg/p/21359777_EA", "Sub Category": null, "English Name": "Sandwich Egg", "Size": "150 g", "Size Label": "ea"}, {"Category": "Sandwiches", "Aisle": "Prepared Meals", "Sku": "21359610_EA", "Regular Price": "None", "Sale Price": "4.29", "Image": "https://assets.shop.loblaws.ca/products/21359610/b1/en/front/21359610_front_a01_@2.png", "Brand": null, "Url": "https://www.maxi.ca/sandwich-chopped-ham/p/21359610_EA", "Sub Category": null, "English Name": "Sandwich Chopped Ham", "Size": "150 g", "Size Label": "ea"}, {"Category": "Sandwiches", "Aisle": "Prepared Meals", "Sku": "21359601_EA", "Regular Price": "None", "Sale Price": "4.29", "Image": "https://assets.shop.loblaws.ca/products/21359601/b1/en/front/21359601_front_a01_@2.png", "Brand": null, "Url": "https://www.maxi.ca/submarine-regular/p/21359601_EA", "Sub Category": null, "English Name": "Submarine Regular", "Size": "200 g", "Size Label": "ea"}, {"Category": "Sandwiches", "Aisle": "Prepared Meals", "Sku": "21535812_EA", "Regular Price": "None", "Sale Price": "4.99", "Image": "https://assets.shop.loblaws.ca/products/21535812/b1/en/front/21535812_front_a01_@2.png", "Brand": "Martel", "Url": "https://www.maxi.ca/french-style-ham-and-cheese-wrap/p/21535812_EA", "Sub Category": null, "English Name": "French Style Ham And Cheese Wrap", "Size": "185 g", "Size Label": "ea"}, {"Category": "Sandwiches", "Aisle": "Prepared Meals", "Sku": "21359548_EA", "Regular Price": "None", "Sale Price": "4.29", "Image": "https://assets.shop.loblaws.ca/products/21359548/b1/en/front/21359548_front_a01_@2.png", "Brand": null, "Url": "https://www.maxi.ca/curried-chicken-salad/p/21359548_EA", "Sub Category": null, "English Name": "Curried Chicken Salad ", "Size": "275 g", "Size Label": "ea"}, {"Category": "Sandwiches", "Aisle": "Prepared Meals", "Sku": "21359590_EA", "Regular Price": "None", "Sale Price": "4.79", "Image": "https://assets.shop.loblaws.ca/products/21359590/b1/en/front/21359590_front_a01_@2.png", "Brand": null, "Url": "https://www.maxi.ca/submarine-gourmand/p/21359590_EA", "Sub Category": null, "English Name": "Submarine Gourmand", "Size": "240 g", "Size Label": "ea"}, {"Category": "Sandwiches", "Aisle": "Prepared Meals", "Sku": "21359587_EA", "Regular Price": "None", "Sale Price": "5.49", "Image": "https://assets.shop.loblaws.ca/products/21359587/b1/en/front/21359587_front_a01_@2.png", "Brand": null, "Url": "https://www.maxi.ca/submarine-steak/p/21359587_EA", "Sub Category": null, "English Name": "Submarine Steak", "Size": "200 g", "Size Label": "ea"}, {"Category": "Sandwiches", "Aisle": "Prepared Meals", "Sku": "21534164_EA", "Regular Price": "None", "Sale Price": "9.49", "Image": "https://assets.shop.loblaws.ca/products/21534164/b1/en/front/21534164_front_a01_@2.png", "Brand": "Martel", "Url": "https://www.maxi.ca/egg-stuffed-buns/p/21534164_EA", "Sub Category": null, "English Name": "Egg Stuffed Buns", "Size": "360 g", "Size Label": "ea"}, {"Category": "Sandwiches", "Aisle": "Prepared Meals", "Sku": "21535988_EA", "Regular Price": "None", "Sale Price": "9.99", "Image": "https://assets.shop.loblaws.ca/products/21535988/b1/en/front/21535988_front_a01_@2.png", "Brand": "Martel", "Url": "https://www.maxi.ca/ham-stuffed-buns/p/21535988_EA", "Sub Category": null, "English Name": "Ham Stuffed Buns", "Size": "360 g", "Size Label": "ea"}, {"Category": "Sandwiches", "Aisle": "Prepared Meals", "Sku": "21359563_EA", "Regular Price": "None", "Sale Price": "4.29", "Image": "https://assets.shop.loblaws.ca/products/21359563/b1/en/front/21359563_front_a01_@2.png", "Brand": null, "Url": "https://www.maxi.ca/sandwich-chopped-ham/p/21359563_EA", "Sub Category": null, "English Name": "Sandwich Chopped Ham", "Size": "150 g", "Size Label": "ea"}, {"Category": "Sandwiches", "Aisle": "Prepared Meals", "Sku": "21359555_EA", "Regular Price": "None", "Sale Price": "4.29", "Image": "https://assets.shop.loblaws.ca/products/21359555/b1/en/front/21359555_front_a01_@2.png", "Brand": null, "Url": "https://www.maxi.ca/ham-macaroni-salad/p/21359555_EA", "Sub Category": null, "English Name": "Ham Macaroni Salad ", "Size": "275 g", "Size Label": "ea"}, {"Category": "Sandwiches", "Aisle": "Prepared Meals", "Sku": "21356413_EA", "Regular Price": "None", "Sale Price": "4.29", "Image": "https://assets.shop.loblaws.ca/products/21356413/b1/en/front/21356413_front_a01_@2.png", "Brand": null, "Url": "https://www.maxi.ca/sandwich-chicken/p/21356413_EA", "Sub Category": null, "English Name": "Sandwich Chicken", "Size": "150 g", "Size Label": "ea"}, {"Category": "Sandwiches", "Aisle": "Prepared Meals", "Sku": "21535583_EA", "Regular Price": "None", "Sale Price": "9.99", "Image": "https://assets.shop.loblaws.ca/products/21535583/b1/en/front/21535583_front_a01_@2.png", "Brand": "Martel", "Url": "https://www.maxi.ca/chicken-stuffed-buns/p/21535583_EA", "Sub Category": null, "English Name": "Chicken Stuffed Buns", "Size": "360 g", "Size Label": "ea"}, {"Category": "Sandwiches", "Aisle": "Prepared Meals", "Sku": "21359603_EA", "Regular Price": "None", "Sale Price": "5.49", "Image": "https://assets.shop.loblaws.ca/products/21359603/b1/en/front/21359603_front_a01_@2.png", "Brand": null, "Url": "https://www.maxi.ca/submarine-turkey/p/21359603_EA", "Sub Category": null, "English Name": "Submarine Turkey", "Size": "200 g", "Size Label": "ea"}, {"Category": "Sandwiches", "Aisle": "Prepared Meals", "Sku": "21359551_EA", "Regular Price": "None", "Sale Price": "4.29", "Image": "https://assets.shop.loblaws.ca/products/21359551/b1/en/front/21359551_front_a01_@2.png", "Brand": null, "Url": "https://www.maxi.ca/sandwich-chicken/p/21359551_EA", "Sub Category": null, "English Name": "Sandwich Chicken", "Size": "150 g", "Size Label": "ea"}, {"Category": "Sandwiches", "Aisle": "Prepared Meals", "Sku": "21373007_EA", "Regular Price": "None", "Sale Price": "4.49", "Image": "https://assets.shop.loblaws.ca/products/21373007/b1/en/front/21373007_front_a01_@2.png", "Brand": null, "Url": "https://www.maxi.ca/submarine-pizza/p/21373007_EA", "Sub Category": null, "English Name": "Submarine Pizza", "Size": "200 g", "Size Label": "ea"}, {"Category": "Sandwiches", "Aisle": "Prepared Meals", "Sku": "21538738_EA", "Regular Price": "None", "Sale Price": "7.99", "Image": "https://assets.shop.loblaws.ca/products/21538738/b1/en/front/21538738_front_a01_@2.png", "Brand": "Martel", "Url": "https://www.maxi.ca/chicken-cranberry-roll/p/21538738_EA", "Sub Category": null, "English Name": "Chicken Cranberry Roll", "Size": "260 g", "Size Label": "ea"}, {"Category": "Sandwiches", "Aisle": "Prepared Meals", "Sku": "21359560_EA", "Regular Price": "None", "Sale Price": "4.29", "Image": "https://assets.shop.loblaws.ca/products/21359560/b1/en/front/21359560_front_a01_@2.png", "Brand": null, "Url": "https://www.maxi.ca/sandwich-polo/p/21359560_EA", "Sub Category": null, "English Name": "Sandwich Polo", "Size": "185 g", "Size Label": "ea"}, {"Category": "Sandwiches", "Aisle": "Prepared Meals", "Sku": "21359605_EA", "Regular Price": "None", "Sale Price": "6.99", "Image": "https://assets.shop.loblaws.ca/products/21359605/b1/en/front/21359605_front_a01_@2.png", "Brand": null, "Url": "https://www.maxi.ca/submarines/p/21359605_EA", "Sub Category": null, "English Name": "Submarines ", "Size": "360 g", "Size Label": "ea"}, {"Category": "Sandwiches", "Aisle": "Prepared Meals", "Sku": "21359586_EA", "Regular Price": "None", "Sale Price": "4.29", "Image": "https://assets.shop.loblaws.ca/products/21359586/b1/en/front/21359586_front_a01_@2.png", "Brand": null, "Url": "https://www.maxi.ca/sandwich-egg/p/21359586_EA", "Sub Category": null, "English Name": "Sandwich Egg", "Size": "150 g", "Size Label": "ea"}, {"Category": "Fresh Pasta & Sauce", "Aisle": "Prepared Meals", "Sku": "21521168_EA", "Regular Price": "None", "Sale Price": "4.29", "Image": "https://assets.shop.loblaws.ca/products/21521168/b1/en/front/21521168_front_a01_@2.png", "Brand": "Ziggy's", "Url": "https://www.maxi.ca/rainbow-cheese-tortellini-small/p/21521168_EA", "Sub Category": null, "English Name": "Rainbow Cheese Tortellini, Small", "Size": "350 g", "Size Label": "ea"}, {"Category": "Fresh Pasta & Sauce", "Aisle": "Prepared Meals", "Sku": "21521122_EA", "Regular Price": "None", "Sale Price": "4.29", "Image": "https://assets.shop.loblaws.ca/products/21521122/b1/en/front/21521122_front_a01_@2.png", "Brand": "Ziggy's", "Url": "https://www.maxi.ca/cheese-spinach-ravioli/p/21521122_EA", "Sub Category": null, "English Name": "Cheese & Spinach Ravioli ", "Size": "350 g", "Size Label": "ea"}, {"Category": "Fresh Pasta & Sauce", "Aisle": "Prepared Meals", "Sku": "21522093_EA", "Regular Price": "None", "Sale Price": "5.00", "Image": "https://assets.shop.loblaws.ca/products/21522093/b1/en/front/21522093_front_a01_@2.png", "Brand": "Ziggy's", "Url": "https://www.maxi.ca/rainbow-tortellini/p/21522093_EA", "Sub Category": null, "English Name": "Rainbow Tortellini", "Size": "600 g", "Size Label": "ea"}, {"Category": "Fresh Pasta & Sauce", "Aisle": "Prepared Meals", "Sku": "21521089_EA", "Regular Price": "None", "Sale Price": "4.29", "Image": "https://assets.shop.loblaws.ca/products/21521089/b1/en/front/21521089_front_a01_@2.png", "Brand": "Ziggy's", "Url": "https://www.maxi.ca/cheese-and-bacon-tortellini/p/21521089_EA", "Sub Category": null, "English Name": "Cheese and Bacon Tortellini", "Size": "350 g", "Size Label": "ea"}, {"Category": "Fresh Pasta & Sauce", "Aisle": "Prepared Meals", "Sku": "21521440_EA", "Regular Price": "None", "Sale Price": "4.29", "Image": "https://assets.shop.loblaws.ca/products/21521440/b1/en/front/21521440_front_a01_@2.png", "Brand": "Ziggy's", "Url": "https://www.maxi.ca/beef-tortellini/p/21521440_EA", "Sub Category": null, "English Name": "Beef Tortellini", "Size": "350 g", "Size Label": "ea"}, {"Category": "Fresh Pasta & Sauce", "Aisle": "Prepared Meals", "Sku": "21021889_EA", "Regular Price": "None", "Sale Price": "9.99", "Image": "https://assets.shop.loblaws.ca/products/21021889/b1/en/front/21021889_front_a01_@2.png", "Brand": "Olivieri", "Url": "https://www.maxi.ca/skillet-gnocchi/p/21021889_EA", "Sub Category": null, "English Name": "Skillet Gnocchi ", "Size": "700 g", "Size Label": "ea"}, {"Category": "Fresh Pasta & Sauce", "Aisle": "Prepared Meals", "Sku": "21521170_EA", "Regular Price": "None", "Sale Price": "4.29", "Image": "https://assets.shop.loblaws.ca/products/21521170/b1/en/front/21521170_front_a01_@2.png", "Brand": "Ziggy's", "Url": "https://www.maxi.ca/linguine/p/21521170_EA", "Sub Category": null, "English Name": "Linguine ", "Size": "350 g", "Size Label": "ea"}, {"Category": "Fresh Pasta & Sauce", "Aisle": "Prepared Meals", "Sku": "21022065_EA", "Regular Price": "None", "Sale Price": "5.99", "Image": "https://assets.shop.loblaws.ca/products/21022065/b1/en/front/21022065_front_a01_@2.png", "Brand": "Olivieri", "Url": "https://www.maxi.ca/skillet-gnocchi/p/21022065_EA", "Sub Category": null, "English Name": "Skillet Gnocchi ", "Size": "280 g", "Size Label": "ea"}, {"Category": "Fresh Pasta & Sauce", "Aisle": "Prepared Meals", "Sku": "21021693_EA", "Regular Price": "None", "Sale Price": "4.49", "Image": "https://assets.shop.loblaws.ca/products/21021693/b1/en/front/21021693_front_a01_@2.png", "Brand": "Ziggy's", "Url": "https://www.maxi.ca/lasagna-sheets/p/21021693_EA", "Sub Category": null, "English Name": "Lasagna Sheets ", "Size": "360 g", "Size Label": "ea"}, {"Category": "Fresh Pasta & Sauce", "Aisle": "Prepared Meals", "Sku": "21522104_EA", "Regular Price": "None", "Sale Price": "5.00", "Image": "https://assets.shop.loblaws.ca/products/21522104/b1/en/front/21522104_front_a01_@2.png", "Brand": "Ziggy's", "Url": "https://www.maxi.ca/tortellini-beef/p/21522104_EA", "Sub Category": null, "English Name": "Tortellini, Beef ", "Size": "600 g", "Size Label": "ea"}, {"Category": "Fresh Pasta & Sauce", "Aisle": "Prepared Meals", "Sku": "20321512_EA", "Regular Price": "None", "Sale Price": "6.49", "Image": "https://assets.shop.loblaws.ca/products/20321512/b1/en/front/20321512_front_a01_@2.png", "Brand": "Olivieri", "Url": "https://www.maxi.ca/rainbow-tortellini-cheese-twin-pack/p/20321512_EA", "Sub Category": null, "English Name": "Rainbow Tortellini, Cheese, Twin Pack ", "Size": "500 g", "Size Label": "ea"}, {"Category": "Fresh Pasta & Sauce", "Aisle": "Prepared Meals", "Sku": "21522092_EA", "Regular Price": "None", "Sale Price": "5.00", "Image": "https://assets.shop.loblaws.ca/products/21522092/b1/en/front/21522092_front_a01_@2.png", "Brand": "Ziggy's", "Url": "https://www.maxi.ca/cheese-spinach-ravioli/p/21522092_EA", "Sub Category": null, "English Name": "Cheese & Spinach Ravioli ", "Size": "600 g", "Size Label": "ea"}, {"Category": "Fresh Pasta & Sauce", "Aisle": "Prepared Meals", "Sku": "20011488_EA", "Regular Price": "None", "Sale Price": "7.99", "Image": "https://assets.shop.loblaws.ca/products/20011488/b1/en/front/20011488_front_a01_@2.png", "Brand": "Olivieri", "Url": "https://www.maxi.ca/pasta-sauce-creamy-rose/p/20011488_EA", "Sub Category": null, "English Name": "Pasta Sauce, Creamy Rose\u201a ", "Size": "600 ml", "Size Label": "ea"}, {"Category": "Fresh Pasta & Sauce", "Aisle": "Prepared Meals", "Sku": "20915945_EA", "Regular Price": "None", "Sale Price": "6.49", "Image": "https://assets.shop.loblaws.ca/products/20915945/b1/en/front/20915945_front_a01_@2.png", "Brand": "Olivieri", "Url": "https://www.maxi.ca/fresh-ricotta-spinach-ravioli/p/20915945_EA", "Sub Category": null, "English Name": "Fresh Ricotta & Spinach Ravioli ", "Size": "450 g", "Size Label": "ea"}, {"Category": "Fresh Pasta & Sauce", "Aisle": "Prepared Meals", "Sku": "21444583_EA", "Regular Price": "None", "Sale Price": "6.99", "Image": "https://assets.shop.loblaws.ca/products/21444583/b1/en/front/21444583_front_a01_@2.png", "Brand": "Le Grand", "Url": "https://www.maxi.ca/garden-a-vibrant-mix-of-fresh-basil-parsley-lemon/p/21444583_EA", "Sub Category": null, "English Name": "Garden A Vibrant Mix Of Fresh Basil, Parsley & Lemon  Pesto", "Size": "170 g", "Size Label": "ea"}, {"Category": "Fresh Pasta & Sauce", "Aisle": "Prepared Meals", "Sku": "20334658_EA", "Regular Price": "None", "Sale Price": "10.99", "Image": "https://assets.shop.loblaws.ca/products/20334658/b1/en/front/20334658_front_a01_@2.png", "Brand": "Olivieri", "Url": "https://www.maxi.ca/fresh-ricotta-spinach-cannelloni/p/20334658_EA", "Sub Category": null, "English Name": "Fresh Ricotta & Spinach Cannelloni ", "Size": "540 g", "Size Label": "ea"}, {"Category": "Fresh Pasta & Sauce", "Aisle": "Prepared Meals", "Sku": "21434874_EA", "Regular Price": "None", "Sale Price": "9.99", "Image": "https://assets.shop.loblaws.ca/products/21434874/b1/en/front/21434874_front_a01_@2.png", "Brand": "Olivieri", "Url": "https://www.maxi.ca/cheddar-bacon-family-size-skillet-gnocchi/p/21434874_EA", "Sub Category": null, "English Name": "Cheddar Bacon Family Size Skillet Gnocchi", "Size": "520 g", "Size Label": "ea"}, {"Category": "Fresh Pasta & Sauce", "Aisle": "Prepared Meals", "Sku": "20132121_EA", "Regular Price": "None", "Sale Price": "4.99", "Image": "https://assets.shop.loblaws.ca/products/20132121/b1/en/front/20132121_front_a01_@2.png", "Brand": "Olivieri", "Url": "https://www.maxi.ca/basil-cheese-pesto/p/20132121_EA", "Sub Category": null, "English Name": "Basil & Cheese Pesto ", "Size": "160 g", "Size Label": "ea"}, {"Category": "Fresh Pasta & Sauce", "Aisle": "Prepared Meals", "Sku": "20310881_EA", "Regular Price": "None", "Sale Price": "7.99", "Image": "https://assets.shop.loblaws.ca/products/20310881/b1/en/front/20310881_front_a01_@2.png", "Brand": "Olivieri", "Url": "https://www.maxi.ca/pasta-sauce-alfredo-herb/p/20310881_EA", "Sub Category": null, "English Name": "Pasta Sauce, Alfredo Herb ", "Size": "600 ml", "Size Label": "ea"}, {"Category": "Fresh Pasta & Sauce", "Aisle": "Prepared Meals", "Sku": "21444616_EA", "Regular Price": "None", "Sale Price": "6.99", "Image": "https://assets.shop.loblaws.ca/products/21444616/b1/en/front/21444616_front_a01_@2.png", "Brand": "Le Grand", "Url": "https://www.maxi.ca/classic-a-rich-blend-of-fresh-basil-4-nuts-romano/p/21444616_EA", "Sub Category": null, "English Name": "Classic A Rich Blend Of Fresh Basil, 4 Nuts & Romano Cheese Pesto", "Size": "170 g", "Size Label": "ea"}, {"Category": "Fresh Pasta & Sauce", "Aisle": "Prepared Meals", "Sku": "21434590_EA", "Regular Price": "None", "Sale Price": "5.99", "Image": "https://assets.shop.loblaws.ca/products/21434590/b1/en/front/21434590_front_a01_@2.png", "Brand": "Olivieri", "Url": "https://www.maxi.ca/pesto-mozzarella-skillet-gnocchi/p/21434590_EA", "Sub Category": null, "English Name": "Pesto Mozzarella Skillet Gnocchi", "Size": "280 g", "Size Label": "ea"}, {"Category": "Fresh Pasta & Sauce", "Aisle": "Prepared Meals", "Sku": "20126372_EA", "Regular Price": "None", "Sale Price": "6.99", "Image": "https://assets.shop.loblaws.ca/products/20126372/b1/en/front/20126372_front_a01_@2.png", "Brand": "Olivieri", "Url": "https://www.maxi.ca/pasta-lasagna-sheets/p/20126372_EA", "Sub Category": null, "English Name": "Pasta, Lasagna Sheets ", "Size": "360 g", "Size Label": "ea"}, {"Category": "Fresh Pasta & Sauce", "Aisle": "Prepared Meals", "Sku": "21548439_EA", "Regular Price": "None", "Sale Price": "5.69", "Image": "https://assets.loblaws.ca/pcx_bronx_fe_assets/images/common/coming-soon-en-web.png", "Brand": "Olivieri", "Url": "https://www.maxi.ca/stix-skillet-gnocchi/p/21548439_EA", "Sub Category": null, "English Name": "Stix Skillet Gnocchi", "Size": "280 g", "Size Label": "ea"}, {"Category": "Fresh Pasta & Sauce", "Aisle": "Prepared Meals", "Sku": "20573283_EA", "Regular Price": "None", "Sale Price": "2.59", "Image": "https://assets.shop.loblaws.ca/products/20573283/b1/en/front/20573283_front_a01_@2.png", "Brand": "St Hubert", "Url": "https://www.maxi.ca/poutine-sauce/p/20573283_EA", "Sub Category": null, "English Name": "Poutine Sauce ", "Size": "450 ml", "Size Label": "ea"}, {"Category": "Fresh Pasta & Sauce", "Aisle": "Prepared Meals", "Sku": "20321306_EA", "Regular Price": "None", "Sale Price": "7.99", "Image": "https://assets.shop.loblaws.ca/products/20321306/b1/en/front/20321306_front_a01_@2.png", "Brand": "Olivieri", "Url": "https://www.maxi.ca/pasta-sauce-chicken-tomato-herb/p/20321306_EA", "Sub Category": null, "English Name": "Pasta Sauce, Chicken Tomato Herb ", "Size": "600 ml", "Size Label": "ea"}, {"Category": "Fresh Pasta & Sauce", "Aisle": "Prepared Meals", "Sku": "20502719_EA", "Regular Price": "None", "Sale Price": "2.49", "Image": "https://assets.shop.loblaws.ca/products/20502719/b1/en/front/20502719_front_a01_@2.png", "Brand": "St Hubert", "Url": "https://www.maxi.ca/bbq-sauce/p/20502719_EA", "Sub Category": null, "English Name": "BBQ Sauce ", "Size": "300 ml", "Size Label": "ea"}, {"Category": "Fresh Pasta & Sauce", "Aisle": "Prepared Meals", "Sku": "20752168_EA", "Regular Price": "None", "Sale Price": "15.99", "Image": "https://assets.loblaws.ca/pcx_bronx_fe_assets/images/common/coming-soon-en-web.png", "Brand": "Paysan", "Url": "https://www.maxi.ca/meat-spaghetti-sauce/p/20752168_EA", "Sub Category": null, "English Name": "Meat Spaghetti Sauce    ", "Size": "2 l", "Size Label": "ea"}, {"Category": "Fresh Pasta & Sauce", "Aisle": "Prepared Meals", "Sku": "20576979_EA", "Regular Price": "None", "Sale Price": "2.79", "Image": "https://assets.shop.loblaws.ca/products/20576979/b1/en/front/20576979_front_a01_@2.png", "Brand": "PG", "Url": "https://www.maxi.ca/bbq-sauce/p/20576979_EA", "Sub Category": null, "English Name": "BBQ Sauce ", "Size": "300 ml", "Size Label": "ea"}, {"Category": "Fresh Pasta & Sauce", "Aisle": "Prepared Meals", "Sku": "21203977_EA", "Regular Price": "None", "Sale Price": "5.99", "Image": "https://assets.shop.loblaws.ca/products/21203977/b1/en/front/21203977_front_a01_@2.png", "Brand": "Olivieri", "Url": "https://www.maxi.ca/tomato-and-mozzarella-skillet-gnocchi/p/21203977_EA", "Sub Category": null, "English Name": "Tomato and Mozzarella Skillet Gnocchi", "Size": "280 g", "Size Label": "ea"}, {"Category": "Fresh Pasta & Sauce", "Aisle": "Prepared Meals", "Sku": "20570436_EA", "Regular Price": "None", "Sale Price": "6.49", "Image": "https://assets.shop.loblaws.ca/products/20570436/b1/en/front/20570436_front_a01_@2.png", "Brand": "Olivieri", "Url": "https://www.maxi.ca/beef-tortellini-twin-pack/p/20570436_EA", "Sub Category": null, "English Name": "Beef Tortellini, Twin Pack ", "Size": "500 g", "Size Label": "ea"}, {"Category": "Fresh Pasta & Sauce", "Aisle": "Prepared Meals", "Sku": "21434873_EA", "Regular Price": "None", "Sale Price": "5.99", "Image": "https://assets.shop.loblaws.ca/products/21434873/b1/en/front/21434873_front_a01_@2.png", "Brand": "Olivieri", "Url": "https://www.maxi.ca/cauliflower-emmental-skillet-gnocchi/p/21434873_EA", "Sub Category": null, "English Name": "Cauliflower Emmental Skillet Gnocchi", "Size": "280 g", "Size Label": "ea"}, {"Category": "Fresh Pasta & Sauce", "Aisle": "Prepared Meals", "Sku": "21181577_EA", "Regular Price": "None", "Sale Price": "13.00", "Image": "https://assets.shop.loblaws.ca/products/21181577/b1/en/front/21181577_front_a01_@2.png", "Brand": "Olivieri", "Url": "https://www.maxi.ca/duo-tortellini-fresh-ricotta-spinach-family-pack/p/21181577_EA", "Sub Category": null, "English Name": "Duo Tortellini Fresh Ricotta & Spinach Family Pack", "Size": "1100 g", "Size Label": "ea"}, {"Category": "Fresh Pasta & Sauce", "Aisle": "Prepared Meals", "Sku": "21181579_EA", "Regular Price": "None", "Sale Price": "13.00", "Image": "https://assets.shop.loblaws.ca/products/21181579/b1/en/front/21181579_front_a01_@2.png", "Brand": "Olivieri", "Url": "https://www.maxi.ca/tortellini-italian-sausage-family-pack/p/21181579_EA", "Sub Category": null, "English Name": "Tortellini Italian Sausage Family Pack  ", "Size": "1 kg", "Size Label": "ea"}, {"Category": "Fresh Pasta & Sauce", "Aisle": "Prepared Meals", "Sku": "21310133_EA", "Regular Price": "None", "Sale Price": "13.00", "Image": "https://assets.shop.loblaws.ca/products/21310133/b1/en/front/21310133_front_a01_@2.png", "Brand": "Olivieri", "Url": "https://www.maxi.ca/bacon-cheese-sacchettini/p/21310133_EA", "Sub Category": null, "English Name": "Bacon Cheese Sacchettini", "Size": "900 g", "Size Label": "ea"}, {"Category": "Fresh Pasta & Sauce", "Aisle": "Prepared Meals", "Sku": "20584764_EA", "Regular Price": "None", "Sale Price": "2.79", "Image": "https://assets.shop.loblaws.ca/products/20584764/b1/en/front/20584764_front_a01_@2.png", "Brand": "St Hubert", "Url": "https://www.maxi.ca/hot-chicken-sandwich-home-style-gravy/p/20584764_EA", "Sub Category": null, "English Name": "Hot Chicken Sandwich Home Style Gravy ", "Size": "450 ml", "Size Label": "ea"}, {"Category": "Pizza", "Aisle": "Prepared Meals", "Sku": "21537858_EA", "Regular Price": "None", "Sale Price": "4.99", "Image": "https://assets.shop.loblaws.ca/products/21537858/b1/en/front/21537858_front_a01_@2.png", "Brand": "Martel", "Url": "https://www.maxi.ca/pepperoni-cheese-pizza-slice/p/21537858_EA", "Sub Category": null, "English Name": "Pepperoni & Cheese Pizza Slice", "Size": "200 g", "Size Label": "ea"}, {"Category": "Pizza", "Aisle": "Prepared Meals", "Sku": "21537581_EA", "Regular Price": "None", "Sale Price": "5.99", "Image": "https://assets.shop.loblaws.ca/products/21537581/b1/en/front/21537581_front_a01_@2.png", "Brand": "Martel", "Url": "https://www.maxi.ca/all-dressed-pizza-slice/p/21537581_EA", "Sub Category": null, "English Name": "All-Dressed Pizza Slice", "Size": "175 g", "Size Label": "ea"}]